
@unpublished{VanLangendonck,
	author = {Van Langendonck, Willy and van de Velde, Marc},
	options = {useprefix=true},
	title = {The Functions of (In)Definiteness Markers with Proper Names},
	url = {http://llacan.vjf.cnrs.fr/pers/vandevelde/files/pdfs/The-Functions-of-In-definiteness-Markers-with-Proper-Names.pdf}
}

@unpublished{Teufel1996,
	address = {{Edinburgh}},
	author = {Teufel, Simone and Feleki, Elina},
	title = {Syntactic Structure and Conceptual Accessibility of Nouns},
	url = {http://www.cl.cam.ac.uk/~sht25/papers/accessib.html},
	year = {1996}
}

@unpublished{Lobner1998,
	author = {Löbner, Sebastian},
	title = {Definite Associative Anaphora},
	url = {http://user.phil-fak.uni-duesseldorf.de/~loebner/publ/index-publ.html},
	year = {1998}
}

@unpublished{Garretson2010,
	author = {Garretson, Gregory and Maling, Joan and Antilla, Arto and Fong, Vivienne and Skarabela, Barbora and Garretson, M. Catherine},
	howpublished = {M. Catherine},
	title = {Coding Practices Used in the Project {{Optimal Typology of Determiner Phrases}}},
	type = {M. Catherine},
	url = {http://npcorpus.bu.edu/documentation/index.html},
	year = {2010}
}

@unpublished{Garretson2004,
	address = {{Boston University, Boston}},
	author = {Garretson, Gregory},
	howpublished = {Unpublished manuscript},
	title = {Coding Practices Used in the Project {{Optimal Typology of Determiner Phrases}}},
	type = {Unpublished manuscript},
	url = {http://npcorpus.bu.edu/html/documentation/index.html},
	year = {2004}
}

@thesis{Witzig1910,
	address = {{Bonn}},
	author = {Witzig, Eva},
	institution = {{Georgi}},
	langid = {german},
	pagetotal = {51},
	title = {{Zum Gebrauche des Artikels im {Althochdeutschen}}},
	year = {1910}
}

@thesis{Sommerer2011,
	author = {Sommerer, Lotte},
	institution = {{Wien}},
	title = {Old {{{English}}} {Se}: {{F}}rom Demonstrative to Article. {{A}} Usage-Based Study of Nominal Determination and Category Emergence},
	url = {http://othes.univie.ac.at/14573/1/2011-04-26_9851025.pdf},
	year = {2011}
}

@thesis{Bell1907,
	address = {{Leipzig}},
	author = {Bell, Robert Mowry},
	editora = {Otfrid {$<$}von Weißenburg{$>$}, 790-},
	editoratype = {collaborator},
	institution = {{[o. Ver.]}},
	pagetotal = {viii+79},
	title = {Der {{Artikel}} bei {{Otfrid}}},
	year = {1907}
}

@online{Studler2011,
	author = {Studler, Rebekka},
	title = {Artikelparadigmen. {{Form}}, {{{Funktion}}} und syntaktisch-semantische {{Analyse}} von definiten {{Determinierern}} im {{{Schweizerdeutschen}}}},
	url = {http://www.academia.edu/9227008/Artikelparadigmen._Form_Funktion_und_syntaktisch-semantische_Analyse_von_definiten_Determinierern_im_Schweizerdeutschen},
	urldate = {2015-05-27},
	year = {2011}
}

@online{Strecker2008,
	author = {Strecker, Bruno},
	title = {Systematische {{{Grammatik}}} - {{Nominalphrasen}}},
	url = {http://hypermedia.ids-mannheim.de/call/public/sysgram.ansicht?v_typ=d&v_id=1469},
	urldate = {2013-09-23},
	year = {2008}
}

@online{KLIMEK-CIESCHINGER,
	author = {Klimek-Cieschinger, Maria},
	file = {/home/johanna/.mozilla/firefox/wlorqfiw.default/zotero/storage/XERMG9EH/de-res.html},
	title = {{Forschung}},
	url = {http://cogsci.uni-osnabrueck.de/~mcieschi/de-res.htm},
	urldate = {2014-06-13}
}

@online{Donhauer,
	author = {Donhauer, Karin and Gippert, Jost and Lühr, Rosemarie},
	file = {/home/johanna/.mozilla/firefox/wlorqfiw.default/zotero/storage/ZGU8H2QF/TEI-header_version1_Schema7_2015-05-18T125755400Z.html},
	title = {Ddd-Ad ({{{Version}}} 0.1), {{Humboldt}}-{{{Universität}}} zu {{{Berlin}}}},
	url = {http://hdl.handle.net/11022/0000-0000-7FC2-7},
	urldate = {2016-07-21}
}

@online{Coppock2014,
	author = {Coppock, Elisabeth and Beaver, David},
	file = {/home/johanna/.mozilla/firefox/wlorqfiw.default/zotero/storage/8WWXD267/A_superlative_argument_for_a_minimal_theory_of_definiteness.html},
	title = {A Superlative Argument for a Minimal Theory of Definiteness},
	url = {https://www.academia.edu/8419932/A_superlative_argument_for_a_minimal_theory_of_definiteness},
	urldate = {2014-10-14},
	year = {2014}
}

@online{Catasso2011,
	author = {Catasso, Nicholas},
	file = {/home/johanna/.mozilla/firefox/wlorqfiw.default/zotero/storage/6QZH9A4M/The_Grammaticalization_of_Demonstratives_A_Comparative_Analysis.html},
	title = {The Grammaticalization of Demonstratives: {{A}} Comparative Analysis},
	url = {http://www.academia.edu/4848703/The_Grammaticalization_of_Demonstratives_A_Comparative_Analysis},
	urldate = {2014-08-26},
	year = {2011}
}

@inproceedings{Zaenen2004a,
	address = {{Stroudsburg, PA, USA}},
	author = {Zaenen, Annie and Carletta, Jean and Garretson, Gregory and Bresnan, Joan and Koontz-Garboden, Andrew and Nikitina, Tatiana and O'Connor, M. Catherine and Wasow, Tom},
	booktitle = {{Proceedings of the 2004 {{{ACL} Workshop}} on {{Discourse Annotation}}}},
	file = {/home/johanna/.mozilla/firefox/wlorqfiw.default/zotero/storage/4U6JCGKH/Zaenen et al. - 2004 - Animacy Encoding in English Why and How.pdf},
	pages = {118--125},
	publisher = {{Association for Computational Linguistics}},
	shorttitle = {Animacy Encoding in {{English}}},
	title = {Animacy Encoding in {{{English}}}: {{Why}} and How},
	url = {http://dl.acm.org/citation.cfm?id=1608938.1608954},
	urldate = {2015-10-16},
	year = {2004}
}

@inproceedings{Zaenen2004,
	address = {{Stroudsburg, PA, USA}},
	author = {Zaenen, Annie and Carletta, Jean and Garretson, Gregory and Bresnan, Joan and Koontz-Garboden, Andrew and Nikitina, Tatiana and O'Connor, M. Catherine and Wasow, Tom},
	booktitle = {{Proceedings of the 2004 {{{ACL} Workshop}} on {{Discourse Annotation}}}},
	pages = {118--125},
	publisher = {{Association for Computational Linguistics}},
	shorttitle = {Animacy {{Encoding}} in {{English}}},
	title = {Animacy {{Encoding}} in {{{English}}}: {{Why}} and {{How}}},
	url = {http://dl.acm.org/citation.cfm?id=1608938.1608954},
	urldate = {2014-02-12},
	year = {2004}
}

@inproceedings{Lechner,
	author = {Lechner, Winfried},
	title = {Natürlichsprachliche Ontologie},
	url = {https://www.google.de/url?sa=t&rct=j&q=&esrc=s&source=web&cd=11&cad=rja&uact=8&ved=0CCEQFjAAOApqFQoTCLz86_bV9sgCFQfrFAodGJoHCQ&url=http%3A%2F%2Fusers.uoa.gr%2F~wlechner%2FPol2010%252004%2520Sprachliche%2520Ontologie.pdf&usg=AFQjCNF_QMLZUjhAqNohfBeUbkILEuG44A&bvm=bv.106379543,d.d24}
}

@inproceedings{Keenan,
	author = {Keenan, Caitlin},
	title = {Greenberg {{Revisited}}: {{Diachronic}} Development of Article Systems \& the Structure of {{{DP}}}},
	url = {http://www.ling.upenn.edu/Events/DIGS13/keenan.pdf}
}

@inproceedings{Faingold1993,
	address = {{Los Angeles}},
	author = {Faingold, Eduardo D.},
	booktitle = {Annual {{Meeting}} of the {{Linguistic Society}} of {{{America}}}},
	pages = {35},
	title = {The Development of the Definite Article from {{{Latin}}} to {{{Spanish}}} and {{{Portuguese}}}},
	year = {1993}
}

@inproceedings{Breckler2012,
	author = {Breckler, Christine},
	title = {Das {{System}} der {{Artikelformen}} im {{Luxemburgischen}}},
	year = {2012}
}

@incollection{vonHeusinger2013,
	address = {{Berlin}},
	author = {von Heusinger, Klaus},
	booktitle = {Perspectives on Linguistic Pragmatics: 2},
	editor = {Capone, Alessandro and Lo Piparo, Franco and Carapezza, Marco},
	options = {useprefix=true},
	pages = {349--374},
	publisher = {{Springer}},
	series = {Perspectives in {{Pragmatics}}, {{Philosophy}} \& {{Psychology}}},
	title = {The {{Salience Theory}} of Definiteness},
	url = {http://www.uni-stuttgart.de/linguistik/sfb732/files/heusinger-2013-salience-theore-definitness_2.pdf},
	year = {2013}
}

@incollection{vonHeusinger2011,
	address = {{Berlin, Boston}},
	author = {von Heusinger, Klaus},
	booktitle = {Semantics},
	doi = {10.1515/9783110255072.1025},
	editor = {von Heusinger, Klaus and Maienborn, Claudia and Portner, Paul},
	isbn = {978-3-11-025507-2},
	number = {33.2},
	options = {useprefix=true},
	pages = {1025--1058},
	publisher = {{de Gruyter}},
	series = {{{HSK}}},
	title = {Specificity},
	year = {2011}
}

@incollection{deMulder2011,
	address = {{Oxford}},
	author = {de Mulder, Walter and Carlier, Anne},
	booktitle = {The {{{Oxford}}} Handbook of {{Grammaticalization}}},
	editor = {Narrog, Heiko and Heine, Bernd},
	options = {useprefix=true},
	pages = {522--534},
	publisher = {{University Press}},
	title = {The Grammaticalization of Definite Articles},
	year = {2011}
}

@incollection{Zifonun2012,
	address = {{Berlin}},
	author = {Zifonun, Gisela},
	booktitle = {Das {{{Deutsche}}} als kompositionsfreudige {{{Sprache}}}: {{S}}trukturelle {{Eigenschaften}} und systembezogene {{{Aspekte}}}},
	editor = {Gaeta, Livio and Schlücker, Barbara},
	isbn = {3-11-027832-4 978-3-11-027832-3 978-3-11-027843-9},
	number = {46},
	pages = {101--134},
	publisher = {{De Gruyter}},
	series = {Linguistik - {{Impulse}} \& {{Tendenzen}}},
	title = {Komposition (oder {{Halbaffigierung}}) zum {{Ausdruck}} von {{Nominalaspekt}}},
	year = {2012}
}

@incollection{Zifonun2006,
	address = {\biberror{no address}},
	author = {Zifonun, Gisela},
	booktitle = {{Deutsche} {{{Grammatik}}} im europäischen {{Dialog}}. {{{Beiträge}}} zum {{Kongress Krakau}} 2006},
	editor = {Fries, Norbert and Fries, Christiane},
	pages = {17},
	publisher = {\biberror{no publisher}},
	title = {{Grammatik} des {{{Deutschen}}} im europäischen {{{Vergleich}}}: `{{Belebtheit}}' als {{Varianzparameter}}},
	url = {http://krakau2006.anaman.de},
	year = {2006}
}

@incollection{Xiao2010,
	address = {{Boca Raton, FL}},
	author = {Xiao, Richard},
	booktitle = {Handbook of Natural Language Processing},
	edition = {2},
	editor = {Indurkhya, Nitin and Damerau, Fred J.},
	isbn = {978-1-4200-8592-1},
	langid = {Englisch},
	pages = {147--165},
	publisher = {{Chapman \& Hall}},
	title = {Corpus creation},
	year = {2010}
}

@incollection{Wegera2000a,
	address = {{Berlin, New York}},
	author = {Wegera, Klaus-Peter and Solms, Hans-Joachim},
	booktitle = {{Sprachgeschichte}. {{{E}}}in {Handbuch} zur {Geschichte} der deutschen {Sprache} und ihrer {E}rforschung},
	edition = {2.},
	editor = {Besch, Werner and Betten, Anne and Reichmann, Oskar and Sonderegger, Stefan},
	isbn = {978-3-11-019416-6},
	langid = {german},
	pages = {1542--1554},
	publisher = {{Walter de Gruyter}},
	title = {{Morphologie des {Frühneuhochdeutschen}}},
	volume = {2. Teilband},
	year = {2000}
}

@incollection{Wegera2000,
	address = {{Berlin, New York}},
	author = {Wegera, Klaus-Peter},
	booktitle = {{Sprachgeschichte}. {{{E}}}in {Handbuch} zur {Geschichte} der deutschen {Sprache} und ihrer {E}rforschung},
	edition = {2.},
	editor = {Besch, Werner and Betten, Anne and Reichmann, Oskar and Sonderegger, Stefan},
	isbn = {978-3-11-019416-6},
	langid = {german},
	pages = {1304--1320},
	publisher = {{Walter de Gruyter}},
	title = {{Grundlagenprobleme einer mittelhochdeutschen {Grammatik}}},
	volume = {2. Teilband},
	year = {2000}
}

@incollection{Traugott2015,
	address = {{Amsterdam}},
	author = {Traugott, Elisabeth Closs},
	booktitle = {Diachronic Construction Grammar},
	editor = {Barðdal, Johanna and Smirnova, Elena and Sommerer, Lotte and Gildea, Spike},
	isbn = {978-90-272-0440-0},
	number = {18},
	pages = {51--79},
	publisher = {{Benjamins}},
	series = {Constructional Approaches to Language },
	title = {Toward a Coherent Account of Grammatical Constructionalization},
	year = {2015}
}

@incollection{Traugott2008a,
	address = {{Berlin, New York}},
	author = {Traugott, Elisabeth Closs},
	booktitle = {Variation, {{Selection}}, {{Development}}--{{Probing}} the {{Evolutionary Model}} of {{Language Change}}},
	editor = {Eckardt, Regine and Jäger, Gerhard and Veenstra, Tonjes},
	pages = {219--250},
	publisher = {{de Gruyter}},
	title = {Grammaticalization, Constructions and the Incremental Development of Language: {{Suggestions}} from the Development of Degree Modifiers in {{{English}}}},
	url = {http://www.stanford.edu/~traugott/styled/index.html},
	year = {2008}
}

@incollection{Traugott2003,
	address = {{Oxford}},
	author = {Traugott, Elisabeth Closs},
	booktitle = {The {{Handbook}} of {{Historical Linguistics}}},
	editor = {Joseph, Brian D. and Janda, Richard D.},
	pages = {624--647},
	publisher = {{Blackwell}},
	title = {Constructions and Grammaticalization},
	year = {2003}
}

@incollection{Timberlake1977,
	address = {{Austin,London}},
	author = {Timberlake, Alan},
	booktitle = {Mechanisms of Syntactic Change},
	editor = {Li, Charles N.},
	pages = {142--177},
	publisher = {{University of Texas Press}},
	title = {Reanalysis and Actualization in Syntactic Change},
	year = {1977}
}

@incollection{Szczepaniak2016a,
	address = {{Berlin}},
	author = {Szczepaniak, Renata and Barteld, Fabian},
	booktitle = {{{{PerspektivW}echsel}} Oder: {{Die Wiederentdeckung}} der {{Philologie}}. {{Bd}}. 1 {{Sprachdaten}} und {{Grundlagenforschung}} in {{Historischer {Linguistik}}}},
	editor = {Kwekkeboom, Sarah and Waldenberger, Sandra},
	pages = {\biberror{no pages}},
	publisher = {{Erich Schmidt Verlag}},
	title = {Hexenverhörprotokolle als sprachhistorisches {{Korpus}}},
	year = {2016}
}

@incollection{Szczepaniak2016,
	address = {\biberror{no address}},
	author = {Szczepaniak, Renata},
	booktitle = {Regularität und {{Irregularität}} in {{Phonologie}} und {{Morphologie}}. {{Diachron}}, kontrastiv, typologisch},
	editor = {Bittner, Dagmar and Köpcke, Klaus-Michael},
	number = {13},
	pages = {247--261},
	publisher = {\biberror{no publisher}},
	series = {Lingua {{Historica Germanica}}},
	title = {Vom {{Zahlwort}} {\emph{Eins}}- zum {{Indefinitartikel}} {\emph{Eine(e)}} -- {{{Rekonstruktion}}} des {{Grammatikalisierungsverlaufs}} im {{Alt}}- und {{Mittelhochdeutschen}}},
	year = {2016}
}

@incollection{Szczepaniak2015,
	address = {{Berlin}},
	author = {Szczepaniak, Renata and Flick, Johanna},
	booktitle = {Komplexität und {{Emergenz}} in der deutschen {{Syntax}} (9.-17. {{{Jahrhundert}}}). {{{Akten}}} zum {{Internationalen Kongress}} an der {{{Universität} {Paris}}}-{{Sorbonne}} vom 26. {{B}}is 28.09.2013},
	editor = {Pasques, Delphine},
	pages = {187--206},
	publisher = {{Weidler Buchverlag}},
	title = {Zwischen {{Explizitheit}} und {{Ökonomie}} - {{Der}} emergierende {{Definitartikel}} in der althochdeutschen {{Isidor}}-{{Übersetzung}}},
	year = {2015}
}

@incollection{Szczepaniak2011,
	address = {{Berlin, Bosten}},
	author = {Szczepaniak, Renata},
	booktitle = {{{Grammatik}} - {{Lehren}}, {{Lernen}}, {{Verstehen}}: {{Zugänge}} zur {{{{Grammatik}}}} des {{Gegenwartsdeutschen}}},
	editor = {Köpcke, Klaus-Michael and Ziegler, Arne},
	isbn = {3-11-026317-3},
	number = {293},
	pages = {341--359},
	publisher = {{de Gruyter}},
	series = {Germanistische {{Linguistik}}},
	title = {Gemeinsame {{{Entwicklung}spfade}} in {{{Spracherwerb}}} und {{{Sprachwandel}}}? {{{Kognitive} {Grundlagen}}} de onto- und historiogenetischen {{{Entwicklung}}} der satzinternen {{Großschreibung}}},
	year = {2011}
}

@incollection{Szczepaniak2010,
	address = {{Berlin, New York}},
	author = {Szczepaniak, Renata},
	booktitle = {Kodierungstechniken im {{{Wandel}}}: {{Das Zusammenspiel}} von {{Analytik}} und {{Synthese}} im {{Gegenwartsdeutschen}}},
	editor = {Bittner, Dagmar and Gaeta, Livio},
	isbn = {3-11-022844-0},
	pages = {123--136},
	publisher = {{de Gruyter}},
	series = {Linguistik - {{Impulse}} \& {{Tendenzen}}},
	title = {Wird die {{Nominalphrase}} wirklich immer analytischer? {{Zur Herausbildung}} von {{Diskontinuität}} als synthetische {{Verdichtung}}},
	year = {2010}
}

@incollection{Stefanowitsch2011,
	address = {{Tübingen}},
	author = {Stefanowitsch, Anatol},
	booktitle = {Konstruktionsgrammatik {{{III}}}: {{Aktuelle {Fragen}}} und {{Lösungsansätze}}},
	edition = {1},
	editor = {Lasch, Alexander and Ziem, Alexander},
	isbn = {3-86057-196-6},
	number = {58},
	pages = {11--26},
	publisher = {{Stauffenburg}},
	series = {Stauffenburg {{Linguistik}}},
	title = {Konstruktionsgrammatik und {{Grammatiktheorie}}},
	year = {2011}
}

@incollection{Stefanowitsch2007,
	address = {{Tübingen}},
	author = {Stefanowitsch, Anatol},
	booktitle = {Konstruktionsgrammatik: {{Von}} der {{Anwendung}} zur {{Theorie}}},
	editor = {Fischer, Kerstin and Stefanowitsch, Anatol},
	isbn = {3-86057-788-3},
	number = {40},
	pages = {152--176},
	publisher = {{Stauffenburg}},
	series = {Stauffenburg {{Linguistik}}},
	title = {Konstruktionsgrammatik und {{Korpuslinguistik}}},
	year = {2007}
}

@incollection{Sommerer2015,
	address = {{Amsterdam}},
	author = {Sommerer, Lotte},
	booktitle = {Diachronic Construction Grammar},
	editor = {Barðdal, Johanna and Smirnova, Elena and Sommerer, Lotte and Gildea, Spike},
	isbn = {978-90-272-0440-0},
	number = {18},
	pages = {107--137},
	publisher = {{Benjamins}},
	series = {Constructional Approaches to Language },
	title = {Toward a Coherent Account of Grammatical Constructionalization: {{Revisiting}} Category Emergence and the Development of the Definite Article in {{{English}}}},
	year = {2015}
}

@incollection{Silverstein1976,
	address = {{Canberra}},
	author = {Silverstein, Michael},
	booktitle = {Grammatical Categories in {{Australian}} Languages},
	editor = {Dixon, Robert M. W.},
	pages = {112--171},
	publisher = {{Australian Institute of Aboriginal Studies}},
	title = {Hierarchy of Features and Ergativity},
	year = {1976}
}

@incollection{Sharifian2015a,
	address = {{London}},
	author = {Sharifian, Farzad},
	booktitle = {The {{{Routledge}}} Handbook of Language and Culture},
	editor = {Sharifian, Farzad},
	isbn = {978-0-415-52701-9},
	pages = {473--492},
	publisher = {{Routledge}},
	series = {Routledge Handbooks in Linguistics},
	title = {Cultural {{Linguistics}}},
	year = {2015}
}

@incollection{Schwarz-Friesel2011,
	address = {{Berlin}},
	author = {Schwarz-Friesel, Monika and Consten, Manfred},
	booktitle = {Foundations of Pragmatics},
	editor = {Bublitz, Wolfram and Norrick, Neal R.},
	isbn = {978-3-11-021425-3},
	pages = {347--372},
	publisher = {{de Gruyter Mouton}},
	title = {Reference and Anaphora},
	year = {2011}
}

@incollection{Schroeder2006,
	address = {{Berlin}},
	author = {Schroeder, Christoph},
	booktitle = {Pragmatic Organization of Discourse in the Languages of {{{Europe}}}},
	editor = {Bernini, Giuliano},
	number = {20-8},
	pages = {545--611},
	publisher = {{de Gruyter}},
	series = {{{EALT}}/ {{EUROTYP}}},
	title = {Articles and Article Systems in Some Areas of {{{Europe}}}},
	year = {2006}
}

@incollection{Schroder2009,
	address = {{Hamburg}},
	author = {Schröder, Ingrid},
	booktitle = {Geisteswissenschaften in der {{Offensive}}. {{Hamburger Standortbestimmungen}}},
	editor = {Dierken, Jörg and Stuhlmann, Andreas},
	pages = {225--240},
	publisher = {{EVA}},
	sortname = {Schroder, Ingrid},
	title = {{Sprache} und {{Magie}} - ein linguistischer {{Erklärungsversuch}}},
	year = {2009}
}

@incollection{Schroder2004,
	address = {{Stuttgart}},
	author = {Schröder, Ingrid},
	booktitle = {{Sprache}, {{Sprechen}}, {{{Sprichwörter}}}. {{{Festschrift}}} für {{Dieter Stellmacher}} zum 65. {{{Geburtstag}}}},
	editor = {Lehmberg, Maik},
	number = { 126},
	pages = {187--201},
	publisher = {{Steiner}},
	series = {Zeitschrift für {{Dialektologie}} und {{Linguistik}} Beihefte},
	sortname = {Schroder, Ingrid},
	title = {Motiviertheit und {{Referentialität}}. {{Die {Struktur}}} magischer {{{Zeichen}}}},
	year = {2004}
}

@incollection{Schmuck2020,
	address = {{Amsterdam}},
	author = {Schmuck, Mirjam},
	booktitle = {Walking on the Grammaticalization Path of the Definite Article},
	editor = {Szczepaniak, Renata and Flick, Johanna},
	isbn = {978-90-272-0494-3},
	langid = {english},
	publisher = {{John Benjamins Publishing Company}},
	title = {The Rise of the Onymic Article in {{Early New High {German}}}: {{Areal}} Factors and the Triggering Effect of Bynames},
	url = {https://benjamins.com/catalog/silv.23},
	urldate = {2020-02-14},
	year = {2020}
}

@incollection{Schmuck2014,
	address = {{Hildesheim}},
	author = {Schmuck, Mirjam and Szczepaniak, Renata},
	booktitle = {{Linguistik} der {{Familiennamen}}},
	editor = {Debus, Friedhelm and Heuser, Rita and Nübling, Damaris},
	number = {225-227},
	pages = {97--137},
	publisher = {{Georg Olms}},
	series = {Germanistische {{Linguistik}}},
	title = {Der {{Gebrauch}} des {{Definitartikels}} vor {{{Familien}}}- und {{Rufnamen}} im {{{Frühneuhochdeutschen}}} aus grammatikalisierungstheoretischer {{Perspektive}}},
	year = {2014}
}

@incollection{Schmid2007,
	address = {{Oxford}},
	author = {Schmid, Hans-Jörg},
	booktitle = {The {{{Oxford} Handbook}} of {{Cognitive Linguistics}}},
	editor = {Geeraerts, Dirk and Cuyckens, Hubert},
	pages = {117--138},
	publisher = {{Oxford University Press}},
	sortname = {Schmid, Hans-Jorg},
	title = {Entrenchment, Salience and Basic Levels},
	year = {2007}
}

@incollection{Schlachter2015,
	address = {\biberror{no address}},
	author = {Schlachter, Eva},
	booktitle = {{Berliner} {{Sprachwissenschaftliche {Studien}}}},
	editor = {Simmler, Franz},
	pages = {\biberror{no pages}},
	publisher = {\biberror{no publisher}},
	title = {Zur {{{Grammatikalisierung}}} des definiten {{Artikels}} im {{{Althochdeutschen}}}},
	year = {2015}
}

@incollection{Scharloth2012,
	address = {{Berlin}},
	author = {Scharloth, Joachim and Bubenhofer, Noah and Rothenhäusler, Klaus},
	booktitle = {Andersschreiben: {{Formen}}, {{Funktionen}}, {{Traditionen}}},
	editor = {Schuster, Britt-Marie and Tophinke, Doris},
	file = {/home/johanna/.mozilla/firefox/wlorqfiw.default/zotero/storage/J7GK3JBI/PPN.html},
	isbn = {978-3-503-13709-1 978-3-503-13710-7},
	number = {236},
	pages = {157--178},
	publisher = {{Schmidt}},
	series = {Philologische {{Studien}} und {{Quellen}} },
	sortname = {Scharloth, Joachim and Bubenhofer, Noah and Rothenhausler, Klaus},
	title = {Andersschreiben aus korpuslinguistischer {{Perspektive}}: {{Datengeleitete Zugänge}} zum {{Stil}}},
	year = {2012}
}

@incollection{Ronneberger-Sibold2010a,
	address = {{Hildesheim}},
	author = {Ronneberger-Sibold, Elke},
	booktitle = {Kontrastive {Germanistische} {{{Linguistik}}}},
	editor = {Dammel, Antje and Kürschner, Sebastian and Nübling, Damaris},
	pages = {719--748},
	publisher = {{Olms}},
	series = {Germanistische {{Linguistik}}},
	title = {Der {{Numerus}} - das {{Genus}} - die {{Klammer}}. {{Die {Entstehung}}} der {Deutschen} {{Nominalklammer}} im innergermanischen {{{Sprachvergleich}}}},
	volume = {2},
	year = {2010}
}

@incollection{Ronneberger-Sibold2010,
	address = {{Berlin}},
	author = {Ronneberger-Sibold, Elke},
	booktitle = {{{Historische}} {{{Textgrammatik}}} und {{{{Historische}} Syntax}} des {{{Deutschen}}}. {{Traditionen}}, {{Innovationen}}, {{Perspektiven}}. {{Bd}}. 1: {{Diachronie}}, {{{Althochdeutsch}}}, {{{Mittelhochdeutsch}}}},
	editor = {Ziegler, Arne},
	pages = {85--120},
	publisher = {{de Gruyter}},
	title = {Die deutsche {{Nominalklammer}}. {{{Geschichte}}}, {{{Funktion}}}, typologische {{{Bewertung}}}},
	year = {2010}
}

@incollection{Ronneberger-Sibold1994,
	address = {{Tübingen}},
	author = {Ronneberger-Sibold, Elke},
	booktitle = {Funktionale {{{Untersuchungen}}} zur deutschen {{Nominal}}- und {{Verbalmorphologie}}},
	editor = {Köpcke, Klaus-Michael},
	isbn = {3-484-30319-0},
	number = {319},
	pages = {115--130},
	publisher = {{M. Niemeyer}},
	series = {Linguistische {{Arbeiten}}},
	title = {Konservative {{Nominalflexion}} und ``klammerndes {{{Verfahren}}}'' im {{{Deutschen}}}},
	year = {1994}
}

@incollection{Ronneberger-Sibold1993,
	address = {{Amsterdam, Philadelphia}},
	author = {Ronneberger-Sibold, Elke},
	booktitle = {{Historical {{Linguistics}} 1991: {{Papers}} from the 10th {{International Conference}} on {{Historical Linguistics}}, {{{Amsterdam}}}, {{{August}}} 12-16, 1991}},
	editor = {\biberror{no editor}},
	number = {107},
	pages = {295--314},
	publisher = {{Benjamins}},
	series = {Amsterdam Studies in the Theory and History of Linguistic Science  },
	title = {`Typological Conservatism' and Framing Constructions in {{{German}}} {Morphosyntax}},
	year = {1993}
}

@incollection{Ronneberger-Sibold1991,
	address = {{Bochum}},
	author = {Ronneberger-Sibold, Elke},
	booktitle = {{{Sprachwandel}} und seine {{{{Prinzipien}}}}: {{{Beiträge}}} zum 8. {{Bochum}}-{{Essener {Kolloquium}}} Über ``{{{{Sprachwandel}}}} und seine {{{{Prinzipien}}}}'': {{V}}om 19.10.-21.10.1990 an der {{Ruhr}}-{{{Universität} Bochum}}},
	editor = {Boretzky, Norbert},
	isbn = {3-88339-936-1},
	number = {14},
	pages = {206--236},
	publisher = {{N. Brockmeyer}},
	series = {Bochum-{{Essener Beiträge}} zur {{Sprachwandelforschung}}},
	title = {Funktionale {{{Betrachtungen}}} zu {{Diskontinuität}} und {{Klammerbildung}} im {{{Deutschen}}}},
	year = {1991}
}

@incollection{Prince1992,
	address = {{Amsterdam}},
	author = {Prince, Ellen},
	booktitle = {Discourse Description: {{Diverse}} Analyses of a Fund-Raising Text},
	editor = {Mann, William C. and Thompson, Sandra A.},
	pages = {295--325},
	publisher = {{Benjamins}},
	title = {The {{{ZPG}}} Letter: {{S}}ubjects, Definiteness, and Information Status},
	year = {1992}
}

@incollection{Prince1981,
	address = {{New York}},
	author = {Prince, Ellen},
	booktitle = {Radical Pragmatics},
	editor = {Cole, Peter},
	pages = {223--255},
	publisher = {{Academic Press}},
	title = {Toward a Taxonomy of Given-New Information},
	year = {1981}
}

@incollection{Primus2012,
	address = {{Dordrecht; London}},
	author = {Primus, Beatrice},
	booktitle = {Case, Word Order and Prominence: {{I}}nteracting Cues in Language Production and Comprehension},
	editor = {Lamers, Monique and de Swart, Peter},
	isbn = {978-94-007-1462-5 94-007-1462-9 94-007-1463-7 978-94-007-1463-2},
	langid = {english},
	pages = {65--90},
	publisher = {{Springer}},
	title = {Animacy, {{Generalized Semantic Roles}}, and {{Differential Object Marking}}},
	year = {2012}
}

@incollection{Philippi1997,
	address = {{Cambridge}},
	author = {Philippi, Jule},
	booktitle = {Parameters of Morphosyntactic Change},
	editor = {van Kemnade, Ans and Vincent, Nigel},
	options = {useprefix=true},
	pages = {62--93},
	publisher = {{University Press}},
	title = {The Rise of the Articles in the {{{Germanic}}} Languages},
	year = {1997}
}

@incollection{Petrova2020,
	address = {{Amsterdam}},
	author = {Petrova, Svetlana},
	booktitle = {Walking on the {{Grammaticalization Path}} of the {{Definite Article}}},
	editor = {Szczepaniak, Renata and Flick, Johanna},
	isbn = {978-90-272-0494-3},
	langid = {english},
	publisher = {{John Benjamins Publishing Company}},
	title = {What Genericity Reveals about the Establishment of the Definite Determiner in {{{German}}}},
	url = {https://benjamins.com/catalog/silv.23},
	urldate = {2020-02-14},
	year = {2020}
}

@incollection{Petrova2009,
	address = {{Berlin}},
	author = {Petrova, Svetlana},
	booktitle = {Information Structure and Language Change: {{N}}ew Approaches to Word Order Variation in {{{Germanic}}} ;},
	editor = {Hinterhölzl, Roland and Petrova, Svetlana},
	isbn = {978-3-11-020591-6},
	number = {203},
	pages = {251279},
	publisher = {{Mouton de Gruyter}},
	series = {Trends in Linguistics},
	title = {Information Structure and Word Order Variation in the {{{Old High German} Tatian}}},
	year = {2009}
}

@incollection{Oubouzar2000,
	address = {{Heidelberg}},
	author = {Oubouzar, Erika},
	booktitle = {Zur {{{Geschichte}}} der {{Nominalgruppe}} im Älteren {{{Deutsch}}}. {{{Festschrift}}} für {{Paul {Valentin}}}},
	editor = {Desportes, Yvon},
	pages = {255--268},
	publisher = {{Winter}},
	title = {Zur {{{Entwicklung}}} von ein in der {{Nominalgruppe}} des {{{Althochdeutschen}}}},
	year = {2000}
}

@incollection{Oubouzar1997,
	address = {{Heidelberg}},
	author = {Oubouzar, Erika},
	booktitle = {{Semantik} der {Syntaktischen} {{Beziehungen}}: {{{Akten}}} des {{Pariser Kolloquiums}} zur {{{Erforschung}}} des {{{Althochdeutschen}}}},
	editor = {Desportes, Yvon},
	number = {3},
	pages = {223--244},
	publisher = {{Winter}},
	series = {Germanische {{Bibliothek}}},
	title = {Syntax und {{{Semantik}}} des adnominalen {{Genitivs}} im {{{Althochdeutschen}}}},
	volume = {27},
	year = {1997}
}

@incollection{Oubouzar1992,
	address = {{Lyon}},
	author = {Oubouzar, Erika},
	booktitle = {{Althochdeutsch}. {{Syntax}} und {{{{Semantik}}}}. {{{Akten}}} des {{Lyonner Kolloquiums}} zur {{Syntax}} und {{{{Semantik}}}} des {{{Althochdeutsch}en}} (1-3 {{{März}}} 1990)},
	editor = {Desportes, Yvon},
	number = {1},
	pages = {71--87},
	publisher = {{Université Lyon III}},
	series = {Série Germanique Ancien},
	title = {Zur {{Ausbildung}} des bestimmten {{Artikels}} im {{{AHD}}}},
	year = {1992}
}

@incollection{Nubling2014,
	address = {{Stuttgart}},
	author = {Nübling, Damaris},
	booktitle = {{Jahrbuch} 2013 der {{Akademie}} der {{Wissenschaften}} und der {{{Literatur} {Mainz}}}},
	editor = {\biberror{no editor}},
	pages = {124--146},
	publisher = {\biberror{no publisher}},
	sortname = {Nubling, Damaris},
	title = {Die {{{Kaiser} {Wilhelm}}} – der {{{Peterle}}} – das {{{Merkel}}}. {{Genus}} als {{{Endstadium}}} einer {{{Grammatikalisierung}}} – und als {{Quelle}} von {{Re}}- und {{{Degrammatikalisierungen}}}},
	year = {2014}
}

@incollection{Nubling2005,
	address = {{Berlin, New York}},
	author = {Nübling, Damaris},
	booktitle = {{Grammatikalisierung} im {{{Deutschen}}}},
	editor = {Leuschner, Thorsten and Mortelmans, Tanja and de Groot, Sarah},
	options = {useprefix=true},
	pages = {105--131},
	publisher = {{de Gruyter}},
	series = {Linguistik -- {{Impulse}} und {{Tendenzen}}},
	sortname = {Nubling, Damaris},
	title = {Von {\emph{in Die}} Über {\emph{in'n}} und {\emph{Ins}} bis {\emph{Im}}. {{Die Klitisierung}} von {{{Präposition}}} und {{Artikel}} als {{Grammatikalisierungsbaustelle}}},
	volume = {9},
	year = {2005}
}

@incollection{McColl2000,
	address = {{Amsterdam, Philadelphia}},
	author = {McColl, Millar},
	booktitle = {Pathway of Change: {{G}}rammaticalization in {{{English}}}},
	editor = {Fischer, Olga and Rosenbach, Anette and Stein, Dieter},
	number = {53},
	pages = {\biberror{no pages}},
	publisher = {{Benjamins}},
	series = {Studies in Language Companion Series},
	title = {Some Suggestions for Explaining the Origin and the Development of the Definite Article in {{{English}}}},
	year = {2000}
}

@incollection{Lyons1980,
	address = {{London}},
	author = {Lyons, Christopher G.},
	booktitle = {Semantics of Determiners},
	editor = {van der Auwera, Johan},
	isbn = {0-7099-0240-9},
	pages = {81--95},
	publisher = {{Croom Helm}},
	title = {The Meaning of the {{English}} Definite Article},
	year = {1980}
}

@incollection{Lyons1979,
	address = {{Edinburgh}},
	author = {Lyons, John},
	booktitle = {The Development of Conversation and Discourse},
	editor = {Meyers, Terry},
	pages = {88--103},
	publisher = {{Edinburgh University Press}},
	title = {Deixis and Anaphora},
	year = {1979}
}

@incollection{Leiss2010,
	address = {{Berlin, New York}},
	author = {Leiss, Elisabeth},
	booktitle = {Kodierungstechniken im {{{Wandel}}}: {{D}}as {{Zusammenspiel}} von {{Analytik}} und {{Synthese}} im {{Gegenwartsdeutschen}}},
	editor = {Bittner, Dagmar and Gaeta, Livio},
	isbn = {3-11-022844-0 978-3-11-022844-1},
	pages = {137--157},
	publisher = {{De Gruyter}},
	series = {Linguistik - {{Impulse}} \& {{Tendenzen}}},
	title = {Koverter {{Abbau}} des {{Artikels}} im {{Gegenwartsdeutschen}}},
	volume = {34},
	year = {2010}
}

@incollection{Lehmann1995,
	address = {{Belin, New York}},
	author = {Lehmann, Christian},
	booktitle = {Syntax. {{Ein}} internationales {{{Handbuch}}} zeitgenössischer {{{Forschung}}}},
	editor = {Jacobs, Joachim and von Stechow, Arnim and Sternefeld, Wolfgang and Vennemann, Theo},
	pages = {1199--1216},
	publisher = {{De Gruyter}},
	title = {Synsemantika},
	volume = {9.2},
	year = {1995}
}

@incollection{Langacker1977,
	address = {{Austin}},
	author = {Langacker, Ronald W.},
	booktitle = {Mechanisms of Syntactic Change},
	editor = {Li, Charles N.},
	pages = {57--139},
	publisher = {{University of Texas Press}},
	title = {Syntactic Reanalysis},
	year = {1977}
}

@incollection{Kuhn1982,
	address = {{Tübingen}},
	author = {Kuhn, Wilfried},
	booktitle = {{Apprehension: {{D}}as sprachliche Erfassen von Gegenständen}},
	editor = {Seiler, Hansjakob and Lehmann, Christian and Stachowiak, Franz Josef},
	isbn = {978-3-87808-985-8},
	langid = {german},
	number = {v. 1},
	pages = {84--97},
	publisher = {{Narr}},
	series = {Language universals series},
	title = {{Kollektiva und {Technik} {KOLLEKTION} am {Beispiel} des {Deutschen}}},
	year = {1982}
}

@incollection{Krotz2003,
	address = {{Heidelberg}},
	author = {Krotz, Elke},
	booktitle = {Volkssprachig-lateinische {{Mischtexte}} und {{Textensembles}} in der althochdeutschen, altsächsischen und altenglischen {{Überlieferung}}: {{Mediävistisches {Kolloquium}}} des {{Zentrums}} für {{Mittelalterstudien}} der {{Otto}}-{{Friedrich}}-{{{{U}niversität} {Bamberg}}} am 16. {{{U}}}nd 17. {{November}} 2001},
	editor = {Bergmann, Rolf},
	isbn = {978-3-8253-1573-3},
	number = {17},
	pages = {175--186},
	publisher = {{Universitätsverl. Winter}},
	series = {Germanistische {{Bibliothek}}},
	title = {\emph{Hear Saget Fona Gotspelle. }{{Zur}} äußeren und inneren {{Kohärenz}} einer lateinisch-althochdeutschen {{Sammelhandschrift}}},
	year = {2003}
}

@incollection{Krifka2007,
	address = {\biberror{no address}},
	author = {Krifka, Manfred},
	booktitle = {Interdisciplinary {{Studies}} on {{Information Structure}} ({{{ISIS}}})},
	editor = {\biberror{no editor}},
	pages = {1--41},
	publisher = {\biberror{no publisher}},
	series = {\biberror{6}},
	title = {Basic Notions of Information Structure},
	year = {2007}
}

@incollection{Krifka1995,
	address = {{Chicago, London}},
	author = {Krifka, Manfred and Pelletier, Francis Jeffry and Carlson, Greg N. and ter Meulen, Alice and Link, Godehard and Chierchia, Gennaro},
	booktitle = {The Generic {Book}},
	editor = {Carlson, Greg N. and Pelletier, Francis Jeffry},
	isbn = {978-0-226-09292-8},
	options = {useprefix=true},
	pages = {1--124},
	publisher = {{Univ. of Chicago Press}},
	title = {Genericity: {{An}} Introduction},
	year = {1995}
}

@incollection{Kotin2011,
	address = {{Heidelberg}},
	author = {Kotin, Michail L.},
	booktitle = {{Geschichte} und {{Typologie}} der {{Sprachsysteme}}},
	editor = {Kotin, Michail L. and Kotorova, Elizaveta G. and Durrell, Martin},
	isbn = {3-8253-5879-8 978-3-8253-5879-2},
	number = {39},
	pages = {147--157},
	publisher = {{Winter}},
	series = {Germanistische {{Bibliothek}}},
	title = {Zur historischen {{{Entwicklung}}} der {{Definitheitsmarker}} in der {{Germania}} und {{Slavia}}. {{Die Frühformen}} der {{Definitheits}}-{{Kodierung}}},
	year = {2011}
}

@incollection{Koptjevskaja-Tamm2003,
	address = {{Berlin}},
	author = {Koptjevskaja-Tamm, Maria},
	booktitle = {Noun Phrase Structure in the Languages of {{{Europe}}}},
	editor = {Plank, Frans},
	pages = {621--722},
	publisher = {{de Gruyter}},
	title = {Possessive Noun Phrases in the languages of {{{Europe}}}},
	url = {http://typo.uni-konstanz.de/ocs-uploads/conferences/1/schedConfs/1/papers/reading-list/MKT2003aPOSSESSIVEEUROPE.pdf},
	year = {2003}
}

@incollection{Kopcke2000a,
	address = {{Hildesheim usw.}},
	author = {Köpcke, Klaus-Michael},
	booktitle = {Angemessene {{{Strukturen}}}: {{Systemorganisation}} in {{Phonologie}}, {{Morphologie}} und {{Syntax}}},
	editor = {Bittner, Andreas and Bittner, Dagmar and Köpcke, Klaus-Michael},
	pages = {107--122},
	publisher = {{Olms}},
	sortname = {Kopcke, Klaus-Michael},
	title = {Chaos und {{Ordnung}}: {{Zur}} semantischen {{Remotivierung}} von {{Deklinationsklassen}}},
	year = {2000}
}

@incollection{Kopcke2000,
	address = {{Tübingen}},
	author = {Köpcke, Klaus-Michael},
	booktitle = {{Deutsche} {{{Grammatik}}} in {{Theorie}} und {{Praxis}}: {{Aus Anlaß}} des 60. {{Geburtstags}} von {{Peter Eisenberg}} am 18. {{{Mai}}} 2000},
	editor = {Thieroff, Rolf and Tamrat, Matthias and Fuhrhop, Nanna and Teuber, Oliver},
	isbn = {3-484-73053-6},
	pages = {155--170},
	publisher = {{Niemeyer}},
	sortname = {Kopcke, Klaus-Michael},
	title = {Starkes, {{Schwaches}} und {{Gemischtes}} in der {{Substantivflexion}} des {{{Deutschen}}}. {{Was}} weiß der {{{Sprecher}}} über {{Deklinationsparadigmen}}?},
	year = {2000}
}

@incollection{Kolde1995,
	address = {{Berlin}},
	author = {Kolde, Gottfried},
	booktitle = {{Namenforschung}. {{Ein}} internationales {{{Handbuch}}} zur {{{Onomastik}}}},
	editor = {von Eichler, Ernst and Hilty, Gerold and Löffler, Heinrich and Steger, Hugo and Zgusta, Ladislav},
	number = {11.1},
	options = {useprefix=true},
	pages = {400--408},
	publisher = {{de Gruyter}},
	series = {{{HSK}}},
	title = {{Grammatik} der {{{Eigennamen}}} ({{Überblick}})},
	year = {1995}
}

@incollection{Kempen2004,
	address = {{Berlin}},
	author = {Kempen, Gerard and Harbusch, Karin},
	booktitle = {Multidisciplinary Approaches to Language Production},
	editor = {Pechmann, Thomas and Habel, Christopher},
	publisher = {{de Gruyter}},
	title = {A Corpus Study into Word Order Variation in {{{German}}} Subordinate Clauses: {{Animacy}} Affects Linearization Independently of Grammatical Function Assignment},
	url = {http://www.gerardkempen.nl/Downloadables_files/Kempen-Harbusch-Animacy.pdf},
	year = {2004}
}

@incollection{Jallerat-Jabs2012,
	address = {{Tübingen}},
	author = {Jallerat-Jabs, Britta and Marschall, Gottfried R},
	booktitle = {Flexionsmorphologie des {{{Deutschen}}} aus kontrastiver {{{Sicht}}}},
	editor = {Augustin, Hagen and Fabricius-Hansen, Cathrine},
	pages = {197--246},
	publisher = {{Groos}},
	title = {Artikel, {{Quantoren}} und das {{Problem}} der {{Definitheit}}},
	year = {2012}
}

@incollection{Hopper1991,
	address = {{Amsterdam, Philadelphia}},
	author = {Hopper, Paul J.},
	booktitle = {Approaches to Grammaticalization. {{Volume}} 1. {{F}}ocus on Theoretical and Methodological Issues},
	editor = {Traugott, Elisabeth Closs and Heine, Bernd},
	pages = {17--35},
	publisher = {{John Benjamins}},
	title = {On Some Principles of Grammaticalization},
	year = {1991}
}

@incollection{Hoffmann2009,
	address = {{Berlin}},
	author = {Hoffmann, Ludger},
	booktitle = {{Handbuch} der deutschen {{Wortarten}}},
	doi = {10.1515/9783110217087},
	editor = {\biberror{no editor}},
	isbn = {978-3-11-021708-7 3-11-021708-2 978-3-11-021507-6 3-11-021507-1},
	langid = {german},
	pages = {293--356},
	publisher = {{de Gruyter}},
	title = {Determinativ},
	urldate = {2013-02-10},
	year = {2009}
}

@incollection{Hinterholzl2005,
	address = {\biberror{no address}},
	author = {Hinterhölzl, Roland and Petrova, Svetlana and Solf, Michael},
	booktitle = {Interdisciplinary Studies on Information Structure},
	editor = {Ishihara, Shinichiro and Schmitz, Michaela and Schwarz, Anne},
	pages = {143--182},
	publisher = {\biberror{no publisher}},
	sortname = {Hinterholzl, Roland and Petrova, Svetlana and Solf, Michael},
	title = {Diskurspragmatische {{Faktoren}} für {{Topikalität}} und {{{Verbstellung}}} in der ahd. {{Tatianübersetzung}} (9. {{Jh}}.)},
	year = {2005}
}

@incollection{Himmelmann2004,
	address = {{Berlin, New York}},
	author = {Himmelmann, Nikolaus P.},
	booktitle = {What Makes Grammaticalization? {{A}} Look from Its Fringes and Its Components},
	editor = {Bisang, Walter and Himmelmann, Nikolaus P. and Wiemer, Blörn},
	number = {158},
	pages = {21--42},
	publisher = {{De Gruyter}},
	series = {Trends in {{Linguistics}}},
	title = {Lexicalization and Grammaticalization: {{Opposite}} or Orthogonal?},
	year = {2004}
}

@incollection{Himmelmann2001,
	address = {{Berlin}},
	author = {Himmelmann, Nikolaus P.},
	booktitle = {{Sprachtypologie} und sprachliche {{{Universalien}}}. {{Ein}} internationales {{{Handbuch}}}},
	editor = {Haspelmath, Martin and König, Ekkehard and Oesterreicher, Wulf and Raible, Wolfgang},
	number = {20.1},
	pages = {831--841},
	publisher = {{de Gruyter}},
	series = {{{HSK}}},
	title = {Articles},
	year = {2001}
}

@incollection{Himmelmann1996,
	address = {{Amsterdam}},
	author = {Himmelmann, Nikolaus P.},
	booktitle = {Studies in Anaphora},
	doi = {10.1075/tsl.33.08him},
	editor = {Fox, Barbara},
	pages = {203--252},
	publisher = {{Benjamins}},
	title = {Demonstratives in Narrative Discourse: {{A}} Taxonomy of Universal Uses},
	year = {1996}
}

@incollection{Hilpert2011,
	address = {{Tübingen}},
	author = {Hilpert, Martin},
	booktitle = {Konstruktionsgrammatik {{{III}}}: {{Aktuelle {Fragen}}} und {{Lösungsansätze}}},
	editor = {Lasch, Alexander and Ziem, Alexander},
	isbn = {3-86057-196-6},
	number = {58},
	pages = {59--75},
	publisher = {{Stauffenburg}},
	series = {Stauffenburg {{Linguistik}}},
	title = {Was Ist {{Konstruktionswandel}}?},
	year = {2011}
}

@incollection{Herbermann1994,
	address = {{Bochum}},
	author = {Herbermann, Clemens-Peter},
	booktitle = {Text und {{{Grammatik}}}. {{{Festschrift}}} für {{{Roland} Harweg}} zum 60. {{{Geburtstag}}}},
	editor = {Canisius, Peter and Herbermann, Clemens-Peter and Tschauder, Gerhard},
	pages = {89--131},
	publisher = {{Brockmeyer}},
	title = {Die dritte {{Person}}. {{Pronomina}} und {{Definitheit}}},
	year = {1994}
}

@incollection{Heine2003,
	address = {{Oxford}},
	author = {Heine, Bernd},
	booktitle = {The Handbook of Historical Linguistics},
	editor = {Joseph, Brian D. and Janda, Richard D.},
	pages = {575--601},
	publisher = {{Blackwell}},
	title = {Grammaticalization},
	year = {2003}
}

@incollection{Heine2002a,
	address = {{Amsterdam, Philadelphia}},
	author = {Heine, Bernd},
	booktitle = {New Reflections on Grammaticalization},
	editor = {Wischer, Ilse and Diewald, Gabriele},
	number = {49},
	pages = {83--101},
	publisher = {{John Benjamins}},
	series = {Typological {{Studies}} in {{Language}}},
	title = {On the Role of Context in Grammaticalization},
	year = {2002}
}

@incollection{Heim2011,
	address = {{Berlin}},
	author = {Heim, Irene},
	booktitle = {Semantics},
	editor = {von Heusinger, Klaus and Maienborn, Claudia and Portner, Paul},
	number = {33.2},
	options = {useprefix=true},
	pages = {996--1025},
	publisher = {{de Gruyter}},
	series = {{{HSK}}},
	title = {Definiteness and Indefiniteness},
	year = {2011}
}

@incollection{Heim1991,
	address = {Berlin},
	author = {Heim, Irene},
	booktitle = {{Semantik}/{{Semantics}}: {{Ein}} internationales {{{Handbuch}}} zeitgenössischer {{{Forschung}}}},
	editor = {von Stechow, Arnim and Wunderlich, Dieter},
	number = {6},
	options = {useprefix=true},
	pages = {487--535},
	publisher = {de Gruyter},
	series = {{{HSK}}},
	title = {Artikel und {{Definitheit}}},
	year = {1991}
}

@incollection{Hawkins1980,
	address = {{London}},
	author = {Hawkins, John A.},
	booktitle = {Semantics of Determiners},
	editor = {van der Auwera, Johan},
	isbn = {0-7099-0240-9},
	pages = {41--66},
	publisher = {{Croom Helm}},
	title = {On {Surface} Definite Articles in {{English}}. `{{Proving}} Underlying Indefiniteness and Explaining the Conversion to Definitness'},
	year = {1980}
}

@incollection{Hauenschild1993,
	address = {{Berlin, New York}},
	author = {Hauenschild, Christa},
	booktitle = {Syntax. {{Ein}} internationales {{{Handbuch}}} zeitgenössischer {{{Forschung}}}},
	editor = {Jacobs, Joachim and Vennemann, Theo and Sternefeld, Wolfgang and von Stechow, Arnim},
	number = {9.1},
	options = {useprefix=true},
	pages = {988--998},
	publisher = {{de Gruyter}},
	series = {{{HSK}}},
	title = {Definitheit},
	year = {1993}
}

@incollection{Haudry2000,
	address = {{Heidelberg}},
	author = {Haudry, Jean},
	booktitle = {Zur {{{Geschichte}}} der {{Nominalgruppe}} im älteren {{{Deutsch}}}: {{{Festschrift}}} für {{Paul {Valentin}}}; {{{Akten}}} des {{Pariser Kolloquiums}}, {{{März}}} 1999},
	editor = {Desportes, Yvon},
	isbn = {3-8253-1054-X},
	number = {5},
	pages = {179--185},
	publisher = {{Winter}},
	series = {Germanistische {{Bibliothek}}},
	title = {Zur {{Vorgeschichte}} der {{Artikel}} in den germanischen {{{Sprachen}}}},
	year = {2000}
}

@incollection{Haspelmath2004,
	address = {{Amsterdam}},
	author = {Haspelmath, Martin},
	booktitle = {Up and down the Cline: {{T}}he Nature of Grammaticalization},
	editor = {Fischer, Olga and Norde, Muriel and Perridon, Harry},
	isbn = {978-90-272-2968-7},
	number = {59},
	pages = {17--44},
	publisher = {{Benjamins}},
	series = {Typological Studies in Language},
	title = {On Directionality in Language Change with Particular Reference to Grammaticalization},
	year = {2004}
}

@incollection{Hartmann2003,
	address = {{Tübingen}},
	author = {Hartmann, Katharina and Zimmermann, Malte},
	booktitle = {({{A}}){{Symmetrien}}: {{{Beiträge}}} zu {{Ehren}} von {{Ewald Lang}}},
	editor = {Maienborn, Claudia},
	isbn = {3-86057-777-8},
	pages = {171--202},
	publisher = {{Stauffenburg-Verlag}},
	series = {Stauffenburg {{Linguistik}}},
	title = {Syntactic and Semantic Adnominal Genitive},
	year = {2003}
}

@incollection{Guerts2011,
	address = {{Berlin}},
	author = {Guerts, Bart},
	booktitle = {Semantics},
	editor = {von Heusinger, Klaus and Maienborn, Claudia and Portner, Paul},
	number = {33.2},
	options = {useprefix=true},
	pages = {1988--2011},
	publisher = {{de Gruyter}},
	series = {{{HSK}}},
	title = {Accessibility and Anaphora},
	year = {2011}
}

@incollection{Gries2013,
	address = {{John Wiley \& Sons}},
	author = {Gries, Stefan Th.},
	booktitle = {The  Encyclopedia  of  {{Applied}}  {{Linguistics}}},
	editor = {Chapelle, Carol A.},
	pages = {6},
	publisher = {{Blackwell Publishing}},
	title = {Testing  Independent  Relationships},
	url = {http://www.linguistics.ucsb.edu/faculty/stgries/research/2012_STG_IndRels_EncApplLing.pdf},
	year = {2013}
}

@incollection{Grice1975,
	address = {{Harvard}},
	author = {Grice, Paul},
	booktitle = {Syntax and Semantics},
	edition = {Reprinted},
	editor = {Cole, Peter and Morgan, Jerry L.},
	number = {3},
	pages = {22--40},
	publisher = {{Academic Press}},
	title = {Logic and Conversation},
	year = {1975}
}

@incollection{Greenberg1978a,
	address = {{Stanford}},
	author = {Greenberg, Joseph H.},
	booktitle = {Universals of Human Language, {{Volume}} 3: {{W}}ord Structure},
	editor = {Joseph H. Greenberg, Charles A. Ferguson {and} Moravcsik},
	pages = {249--295},
	publisher = {{Stanford University Press}},
	title = {Generalizations about Numeral Systems},
	year = {1978}
}

@incollection{Greenberg1978,
	address = {{Stanford}},
	author = {Greenberg, Joseph Harold},
	booktitle = {Universals of Human Language. {{V}}olume 3. {{W}}ord Structure},
	editor = {Greenberg, Joseph Harold and Ferguson, Charles Albert and Moravcsik, Edith A.},
	isbn = {978-0-8047-0968-2},
	langid = {english},
	pages = {47--82},
	publisher = {{Stanford University Press}},
	title = {How Does a Language Acquire Gender Markers},
	year = {1978}
}

@incollection{Glauch2003,
	address = {{Heidelberg}},
	author = {Glauch, Sonja},
	booktitle = {Volkssprachig-Lateinische {{Mischtexte}} und {{Textensembles}} in der althochdeutschen, altsächsischen und altenglischen {{Überlieferung}}: {{Mediävistisches {Kolloquium}}} des {{Zentrums}} für {{Mittelalterstudien}} der {{Otto}}-{{Friedrich}}-{{{{U}niversität} {Bamberg}}} am 16. {{{U}}}nd 17. {{November}} 2001},
	editor = {Bergmann, Rolf},
	isbn = {978-3-8253-1573-3},
	number = {17},
	pages = {203--225},
	publisher = {{Universitätsverl. Winter}},
	series = {Germanistische {{Bibliothek}}},
	title = {Die {{Etymologien Notkers}} des {{{Deutschen}}}: {{Musterfälle}} einer doppelt motivierten {{Übersetzungstechnik}}},
	year = {2003}
}

@incollection{Glaser2000,
	address = {{Heidelberg}},
	author = {Glaser, Elvira},
	booktitle = {Zur {{{Geschichte}}} der {{Nominalgruppe}} im Älteren {{{Deutsch}}}: {{{Festschrift}}} für {{Paul {Valentin}}}; {{{Akten}}} des {{Pariser Kolloquiums}}, {{{März}}} 1999},
	editor = {Desportes, Yvon},
	isbn = {3-8253-1054-X},
	number = {5},
	pages = {187--212},
	publisher = {{Winter}},
	series = {Germanistische {{Bibliothek}}},
	title = {Der bestimmte {{Artikel}} in den althochdeutschen {{Glossen}}},
	year = {2000}
}

@incollection{Glaser1994,
	address = {{Padova}},
	author = {Glaser, Elvira},
	booktitle = {Teoria e Pratica Della Traduzione Nel Medioevo Germanico},
	editor = {Molinari, Maria V. and Meli, Marcello and Ferrari, Fulvio and Mutra, Paola},
	pages = {181--205},
	publisher = {\biberror{no publisher}},
	title = {Glossierungsverfahren früher {{Freisinger Textglossierung}}. {{{Versuch}}} einer {{Einordnung}}},
	year = {1994}
}

@incollection{Givon1991,
	address = {{Amsterdam, Philadelphia}},
	author = {Givón, Talmy},
	booktitle = {Approaches to {{Grammaticalization}}. {{Volume}} 2. {{Focus}} on {{Types}} of {{Grammatical Markers}}},
	editor = {Traugott, Elisabeth Closs and Heine, Bernd},
	pages = {\biberror{no pages}},
	publisher = {{257-310}},
	sortname = {Givon, Talmy},
	title = {The Evolution of Dependent Clause Morpho-Syntax in {{Biblical {Hebrew}}}},
	year = {1991}
}

@incollection{Givon1978,
	address = {{Stanford}},
	author = {Givón, Talmy},
	booktitle = {Universals of Human Language, {{Volume}} 4: {{Syntax}}},
	editor = {Greenberg, Joseph Harold and Ferguson, Charles Albert and Moravcsik, Edith A.},
	pages = {291--330},
	publisher = {{Stanford Univ. Press}},
	sortname = {Givon, Talmy},
	title = {Definiteness and Referentiality},
	year = {1978}
}

@incollection{Gallmann1997,
	address = {{Tübingen}},
	author = {Gallmann, Peter},
	booktitle = {{Lexikalische} {{Kategorien}} und {{{Merkmale}}}},
	editor = {Löbel, Elisabeth},
	number = {366},
	pages = {73--86},
	publisher = {{Narr}},
	series = {Linguistische {{Arbeiten}}},
	title = {Zur {{{Morphosyntax}}} der {{{Eigennamen}}} im {{{Deutschen}}}},
	year = {1997}
}

@incollection{Fried2013,
	address = {{Oxford}},
	author = {Fried, Mirjam},
	booktitle = {The {{{Oxford}}} Handbook of {{Construction Grammar}}.},
	editor = {Trousdale, Graeme and Hoffman, Thomas},
	pages = {419--437},
	publisher = {{University Press}},
	title = {Principles of Constructional Change},
	url = {http://ling.ff.cuni.cz/lingvistika/fried/download/OUP-handbook_final-draft.pdf},
	year = {2013}
}

@incollection{Fraurud1996,
	address = {{Amsterdam}},
	author = {Fraurud, Kari},
	booktitle = {Reference and Referent Accessibility},
	editor = {Fretheim, Thorstein and Gundel, Jeanette-K.},
	pages = {65--86},
	publisher = {{Benjamins}},
	title = {Cognitive Ontology and {{{NP} Form}}},
	url = {http://www.biling.su.se/polopoly_fs/1.117707.1357744262!/menu/standard/file/Fraurud_1996.pdf},
	year = {1996}
}

@incollection{Foley2007,
	address = {{Cambridge, UK ; New York}},
	author = {Foley, William A.},
	booktitle = {Language Typology and Syntactic Description: {{Volume}} 1, Clause Structure},
	edition = {2 edition},
	editor = {Shopen, Timothy},
	isbn = {978-0-521-58857-7},
	langid = {english},
	pages = {362--446},
	publisher = {{Cambridge University Press}},
	title = {Information {{Packaging}} in the {{Clause}}},
	year = {2007}
}

@incollection{Flick2018,
	address = {{Tübingen}},
	author = {Flick, Johanna and Szczepaniak, Renata},
	booktitle = {{{Wörter}} über {{{{Wörter}}}}},
	editor = {Kazzazi, Kazzazi and Luttermann, Karin and Wahl, Sabine and Fritz, Albert, Thomas},
	pages = {99--114},
	publisher = {{Stauffenburg Verlag}},
	title = {Über die {{Ordnung}} der {{{Wörter}}}: {{Die {Struktur}}} der {{Nominalphrase}} im althochdeutschen {{Isidor}}},
	year = {2018}
}

@incollection{Flick2013,
	address = {{Berlin, Bosten}},
	author = {Flick, Johanna and Kuhmichel, Katrin},
	booktitle = {{Sprachwandel} im {{{Neuhochdeutschen}}}},
	editor = {Vogel, Petra M.},
	number = {4},
	pages = {52--76},
	publisher = {{De Gruyter}},
	series = {Jahrbuch für Germanistische {{Sprachgeschichte}}},
	title = {Der {\emph{Am}}-{{Progressiv}} in {{{Dialekt}}} und {{{Standard}}}},
	year = {2013}
}

@incollection{FischerimErsch.,
	address = {{Universität Konstanz}},
	author = {Fischer, Susann},
	booktitle = {Definiteness and {{{DP} Structure}} in {{{Romance}}} languages},
	editor = {Espinal, Maria Teresa and Leonetti, Manuel and McNally, Louise},
	pages = {\biberror{no pages}},
	publisher = {\biberror{no publisher}},
	series = {Arbeitspapiere {{Sprachwissenschaft}}},
	title = {Expletives, Definiteness and Word-Order},
	year = {im Ersch.}
}

@incollection{Epstein1994,
	address = {{Amsterdam, Philadelphia}},
	author = {Epstein, Richard},
	booktitle = {Perspectives on Grammaticalization},
	editor = {Pagliuca, William},
	number = {109},
	pages = {63--79},
	publisher = {{Benjamins}},
	series = {Amsterdam Studies in the Theory and History of Linguistic Science},
	title = {The Development of the Definite Article in {{{French}}}},
	year = {1994}
}

@incollection{Epstein1993,
	address = {{Amsterdam, Philadelphia}},
	author = {Epstein, Richard},
	booktitle = {{Historical {{Linguistics}} 1991. {{Papers}} from the {10th International Conference on Historical Linguistics}. {{{Amsterdam}}}, 12-16 {{{August}}} 1991}},
	editor = {van Marle, Jaap},
	number = {107},
	options = {useprefix=true},
	pages = {111--134},
	publisher = {{Benjamins}},
	series = {Amsterdam Studies in the Theory and History of Linguistic Science},
	title = {The Definite Article: {{{E}}}arly Stages of Development},
	year = {1993}
}

@incollection{Dryer2013,
	address = {{Leipzig}},
	author = {Dryer, Matthew S.},
	booktitle = {The World Atlas of Language Structures Online},
	editor = {Dryer, Matthew S. and Haspelmath, Martin},
	publisher = {{Max Planck Institute for Evolutionary Anthropology}},
	title = {Definite {{Articles}}},
	url = {http://wals.info/chapter/37},
	urldate = {2015-05-07},
	year = {2013}
}

@incollection{Donhauser2015,
	address = {{Tübingen}},
	author = {Donhauser, Karin},
	booktitle = {Historical {{Corpora}}. {{Challenges}} and {{Perspectives}}},
	editor = {Gippert, Jost and Gehrke, Ralf},
	number = {5},
	pages = {\biberror{no pages}},
	publisher = {\biberror{no publisher}},
	series = {{{CLIP}}},
	title = {Das {{{Referenzkorpus} Altdeutsch}}: {{Das Konzept}}, die {{Realisierung}} und die neuen {{Möglichkeiten}}},
	year = {2015}
}

@incollection{Donhauser1990,
	address = {{Tübingen}},
	author = {Donhauser, Karin},
	booktitle = {Neuere {{{Forschungen}}} zur historischen {{Syntax}} des {{{Deutschen}}}: {{Referate}} der {{Internationalen Fachkonferenz Eichstätt}} 1989},
	editor = {Betten, Anne},
	isbn = {3-484-31103-7},
	pages = {98--112},
	publisher = {{Niemeyer}},
	series = {Reihe {{Germanistische Linguistik}}},
	title = {Moderne {{Kasuskonzeption}} und die {{Kasussetzung}} im {{{Althochdeutschen}}}},
	year = {1990}
}

@incollection{Diewald2008,
	address = {{Tübingen}},
	author = {Diewald, Gabriele},
	booktitle = {Konstruktionsgrammatik: {{Von}} der {{Anwendung}} zur {{Theorie}}},
	edition = {2., unveränd. Neuaufl.},
	editor = {Fischer, Kerstin and Stefanowitsch, Anatol},
	isbn = {3-86057-788-3},
	number = {40},
	pages = {79--103},
	publisher = {{Stauffenburg}},
	series = {Stauffenburg {{Linguistik}}},
	title = {Konstruktionen in der diachronen {{{Sprachwissenschaft}}}},
	year = {2008}
}

@incollection{Diewald2002,
	address = {{Amsterdam \& Philadelphia}},
	author = {Diewald, Gabriele},
	booktitle = {{New Reflections on Grammaticalization. {{International Symposium}}, {{Potsdam}}, 17-19 {{June}}, 1999}},
	editor = {Wischer, Ilse and Diewald, Gabriele},
	number = {49},
	pages = {103--120},
	publisher = {{Benjamins}},
	series = {{{TSL}}},
	title = {A Model for Relevant Types of Contexts in Grammaticalization},
	year = {2002}
}

@incollection{Diewald,
	address = {\biberror{no address}},
	author = {Diewald, Gabriele},
	booktitle = {Constructions. {{Special Volume}} 1: {{Constructions}} All over - {{C}}ase Studies and Theoretical Implication},
	editor = {Schönefeld, Doris},
	pages = {\biberror{no pages}},
	publisher = {\biberror{no publisher}},
	title = {Context Types in Grammaticalization as Constructions},
	year = {\biberror{no year}}
}

@incollection{DietrichimDruck,
	address = {{Wiesbaden}},
	author = {Dietrich, Rainer and van Nice, Kathy},
	booktitle = {Sprachproduktion},
	editor = {Habel, Christopher and Pechmann, Thomas},
	options = {useprefix=true},
	pages = {\biberror{no pages}},
	publisher = {{Westdeutscher Verlag}},
	title = {Belebtheit, {{Agentivität}} und inkrementelle {{Satzproduktion}}},
	year = {im Druck}
}

@incollection{Diessel2012,
	address = {{Berlin}},
	author = {Diessel, Holger},
	booktitle = {Semantics. {{Handbücher}} zur {{{Sprach}}}- und {{Kommunikationswissenschaft}} [{{Handbooks}} of Linguistics and Communication Science]},
	editor = {Maienborn, Claudia and von Heusinger, Klaus and Portner, Paul},
	isbn = {978-3-11-025337-5},
	number = {33.3},
	options = {useprefix=true},
	pages = {2407--2432},
	publisher = {{De Gruyter}},
	series = {{HSK}},
	title = {Deixis and Demonstratives},
	year = {2012}
}

@incollection{Demske2005,
	address = {{Göteborg}},
	author = {Demske, Ulrike},
	booktitle = {{Deutsche} {{Syntax}}: {{Empirie}} und {{Theorie}}. {{Symposium Göteborg}} 13.-15. {{{Mai}}} 2014},
	editor = {D'Avis, Franz},
	number = {Göteborger Germanische Forschungen},
	pages = {\biberror{no pages}},
	publisher = {{Acta Universitatis Gothoburgensis}},
	title = {Weshalb {{Demonstrativpronomina}} nicht immer {{Determinantien}} sind},
	volume = {46},
	year = {2005}
}

@incollection{Dahl2004,
	address = {{Berlin}},
	author = {Dahl, Östen},
	booktitle = {Dialectology Meets Typology},
	editor = {Kortmann, Bernd},
	pages = {147--180},
	publisher = {{De Gruyter}},
	sortname = {Dahl, Osten},
	title = {Definite Articles in {{{Scandinavian}}}: {{Competing}} Grammaticalization Processes in {{Standard}} and Non-{{Standard}} Varieties},
	url = {http://www.anglistik.uni-freiburg.de/seminar/abteilungen/sprachwissenschaft/ls_kortmann/Courses/Kortmann/Variation/06_dahl.pdf},
	year = {2004}
}

@incollection{Dahl1996,
	address = {{Amsterdam}},
	author = {Dahl, Östen and Fraurud, Kari},
	booktitle = {Reference and Referent Accessibility},
	editor = {Fretheim, Thorstein and Gundel, Jeanette-K.},
	pages = {47--64},
	publisher = {{Benjamins}},
	sortname = {Dahl, Osten and Fraurud, Kari},
	title = {Animacy in Grammar and Discourse},
	year = {1996}
}

@incollection{Croft1995,
	address = {{Oxford}},
	author = {Croft, William},
	booktitle = {Approaches to Language Typology},
	editor = {Shibatani, Masayoshi and Bynon, Theodora},
	isbn = {0-19-824271-9},
	pages = {85--144},
	publisher = {{Clarendon Press}},
	title = {Modern {{Syntactic Typology}}},
	year = {1995}
}

@incollection{Consten2009,
	address = {{Berlin}},
	author = {Consten, Manfred and Schwarz-Friesel, Monika},
	booktitle = {{Handbuch} der deutschen {Wortarten}},
	doi = {10.1515/9783110217087},
	editor = {\biberror{no editor}},
	isbn = {978-3-11-021708-7 3-11-021708-2 978-3-11-021507-6 3-11-021507-1},
	langid = {german},
	pages = {265--292},
	publisher = {{de Gruyter}},
	title = {Anapher},
	urldate = {2013-02-10},
	year = {2009}
}

@incollection{Consten2007,
	address = {{Amsterdam}},
	author = {Consten, Manfred and Knees, Mareile and Schwarz-Friesel, Monika},
	booktitle = {Anaphors in Text},
	editor = {Schwarz-Friesel, Monika and Knees, Mareile and Consten, Manfred},
	pages = {81--102},
	publisher = {{Benjamins}},
	title = {The Function of Complex Anaphors in Texts},
	year = {2007}
}

@incollection{Clark1977,
	address = {{Nordwood, NJ}},
	author = {Clark, Herbert H. and Haviland, Susan E.},
	booktitle = {Discourse Production and Comprehension},
	editor = {Freedle, Roy O.},
	eprint = {8yMpAAAAYAAJ},
	isbn = {978-0-89391-001-3},
	langid = {english},
	number = {1},
	pages = {1--40},
	publisher = {{Ablex Publishing Corporation}},
	series = {Discourse Processes: Advances in Research and Theory},
	title = {Comprehension and the {{Given}}-{{New Contract}}},
	year = {1977}
}

@incollection{Chafe1976,
	address = {{New York}},
	author = {Chafe, Wallace},
	booktitle = {Subject and Topic},
	editor = {Li, Charles N.},
	pages = {25--55},
	publisher = {{Academic Press}},
	title = {Givenness, Contrastiveness, Definiteness, Subjects, Topics, and Point of View},
	year = {1976}
}

@incollection{Bybee2013,
	address = {{Oxford}},
	author = {Bybee, Joan},
	booktitle = {The {{{Oxford}}} Handbook of {Construction Grammar}},
	editor = {Hoffmann, Thomas and Trousdale, Graeme},
	isbn = {978-0-19-539668-3},
	pages = {49--69},
	publisher = {{Oxford Univ. Press}},
	series = {{{Oxford}} Handbooks in Linguistics},
	title = {Usage-Based Theory and Exemplar Representations of Constructions},
	year = {2013}
}

@incollection{Breckle2010,
	address = {{Frankfurt}},
	author = {Breckle, Margit and Zinsmeister, Heike},
	booktitle = {Textmuster: {{S}}chulisch - Universitär - Kulturkontrastiv: {{{Beiträge}}} zur {{Theorie}} und {{Empirie}} Lernersprachlicher {{Textproduktion}}},
	editor = {Skiba, Dirk},
	isbn = {3-631-58782-1},
	pages = {79--101},
	publisher = {{Lang}},
	title = {Zur lernersprachlichen {{Generierung}} referierender {{{Ausdrücke}}} in argumentativen {{Texten}}},
	year = {2010}
}

@incollection{Breban2012,
	address = {{Oxford, New York}},
	author = {Breban, Tine},
	booktitle = {Information Structure and Syntactic Change in the History of {{English}}},
	editor = {Meurman-Solin, Anneli and Lopez-Couso, Maria Jose and Los, Bettelou},
	isbn = {978-0-19-986021-0},
	langid = {Englisch},
	pages = {271--300},
	publisher = {{Oxford Univ Press}},
	title = {Functional shifts and the development of {{English}} determiners},
	year = {2012}
}

@incollection{Bluhdorn2009,
	address = {{Wrocław, Dresden}},
	author = {Blühdorn, Hardarik},
	booktitle = {{{{DPG}}} im {{Kreuzfeuer}}. {{{Akten}}} der {{Internationalen Linguistenkonferenz}} in {{Karpacz}} 10.-12-09.2007},
	editor = {Lesław, Cirko and Grimberg, Martin and Tworek, Artur},
	pages = {25--41},
	publisher = {{Neisse}},
	sortname = {Bluhdorn, Hardarik},
	title = {Referentielle und nicht-referentielle {{Gebrauchsweisen}} von {{Nominalgruppen}} im {{{Deutschen}}}},
	year = {2009}
}

@incollection{Bittner2009,
	address = {{Berlin}},
	author = {Bittner, Dagmar},
	booktitle = {Vorstand der {{Geisteswissenschaftlichen Zentren {Berlin}}} e.{{V}}.},
	editor = {\biberror{no editor}},
	pages = {73--86},
	publisher = {{GWZ Berlin}},
	title = {Er versteht nichts: {{Der}} versteht nichts. {{{Wo}}} Ist der {{Unterschied}}? {{Und}} wie kommen {{Kinder}} drauf?},
	year = {2009}
}

@incollection{Bittner2007,
	address = {{Amsterdam}},
	author = {Bittner, Dagmar},
	booktitle = {Nominal Determination: {{T}}ypology, Context Constraints, and Historical Emergence},
	editor = {Stark, Elisabeth and Leiss, Elisabeth and Abraham, Werner},
	isbn = {90-272-3099-4 978-90-272-3099-7},
	number = {89},
	pages = {215--240},
	publisher = {{Benjamins}},
	series = {Studies in Language},
	title = {Early Functions of Definite Determiners and {{{DP}s}} in {{{German}}} First Language Acquisition},
	year = {2007}
}

@incollection{Bittner1985,
	address = {{Berlin}},
	author = {Bittner, Andreas},
	booktitle = {{Studien} zur {{Morphologie}} und {{Phonologie I}}},
	editor = {Wurzel, Wolfgang Ulrich},
	pages = {51--74},
	publisher = {{Akadademie der Wissenschaften der DDR. Zentralinstitut für Sprachwissenschaft}},
	title = {Wie Schwach Sind die Starken {{{Verben}}}?},
	year = {1985}
}

@incollection{Bergmann1999,
	address = {{Frankfurt/Main}},
	author = {Bergmann, Rolf},
	booktitle = {Das {{Frühneuhochdeutsche}} Als Sprachgeschichtliche {{Epoche}}},
	editor = {Hoffmann, Walter and Macha, Jürgen and Mattheier, Klaus J. and Solms, Hans-Joachim},
	pages = {59--79},
	publisher = {{Peter Lang}},
	title = {Zur {{Herausbildung}} der {Deutschen} {{Substantivgroßschreibung}}. {{{Ergebnisse}}} des {{{Bamberg}}}-{{Rostocker Projekts}}},
	year = {1999}
}

@incollection{Bauer2007,
	address = {{Amsterdam}},
	author = {Bauer, Brigitte L. M.},
	booktitle = {Nominal Determination: {{T}}ypology, Context Constraints, and Historical Emergence},
	editor = {Stark, Elisabeth and Leiss, Elisabeth and Abraham, Werner},
	isbn = {90-272-3099-4 978-90-272-3099-7},
	number = {89},
	pages = {103--139},
	publisher = {{Benjamins}},
	series = {Studies in Language},
	title = {The Definite Article in {{{Indo}}}-{{{European}}}. {{Emergence}} of a New Grammatical Category?},
	year = {2007}
}

@incollection{Barddal2015,
	address = {{Amsterdam}},
	author = {Barðdal, Johanna and Gildea, Spike},
	booktitle = {Diachronic Construction Grammar},
	editor = {Barðdal, Johanna and Smirnova, Elena and Sommerer, Lotte and Gildea, Spike},
	isbn = {978-90-272-0440-0},
	number = {18},
	pages = {1:49},
	publisher = {{Benjamins}},
	series = {Constructional Approaches to Language},
	sortname = {Barddal, Johanna and Gildea, Spike},
	title = {Diachronic Construction Grammar},
	year = {2015}
}

@incollection{Baayen2009,
	address = {{Berlin, New York}},
	author = {Baayen, R. Harald},
	booktitle = {Corpus {{Linguistics}}. {An} International Handbook},
	editor = {Lüdeling, Anke and Kytö, Merja},
	number = {29.2},
	pages = {899--919},
	publisher = {{De Gruyter}},
	series = {{{HSK}}},
	title = {Corpus Linguistics in Morphology: {{Morphological}} Productivity},
	year = {2009}
}

@incollection{Auer2005,
	address = {{Berlin, New York}},
	author = {Auer, Peter and Günthner, Susanne},
	booktitle = {{Grammatikalisierung}  im {{{Deutschen}}}},
	editor = {Leuschner, Thorsten and Mortelmans, Tanja and de Groot, Sarah},
	options = {useprefix=true},
	pages = {335--362},
	publisher = {{de Gruyter}},
	series = {Linguistik -- {{Impulse}} und {{Tendenzen}}},
	sortname = {Auer, Peter and Gunthner, Susanne},
	title = {{Die {{E}ntstehung} von Diskursmarkern im {Deutschen}. {{{E}}}in Fall von {Grammatikalisierung}?}},
	volume = {9},
	year = {2005}
}

@incollection{Auer1981,
	address = {{Tübingen}},
	author = {Auer, Peter},
	booktitle = {{Sprache}: {{Verstehen}} und {{Handeln}}},
	editor = {Hindenlang, Götz and Zillig, Werner},
	pages = {301--310},
	publisher = {{Niemeyer}},
	title = {{Zur Indexikalitätsmarkierenden {{{Funktion}}} der Demonstrativen {{Artikelform}} in {Deutschen} {{Konversationen}}}},
	url = {http://paul.igl.uni-freiburg.de/auer/userfiles/downloads/Indexikalitaetsmarker%20NEW.pdf},
	year = {1981}
}

@incollection{Abraham1997,
	address = {{Cambridge}},
	author = {Abraham, Werner},
	booktitle = {Parameters of Morphosyntactic Change},
	editor = {van Kemnade, Ans and Vincent, Nigel},
	options = {useprefix=true},
	pages = {29--61},
	publisher = {{University Press}},
	title = {The Interdependence of Case, Aspect and Referentiality in the History of {{{German}}}: {{The}} Case of the Verbal Genitive},
	year = {1997}
}

@incollection{Abbott2007,
	address = {{Malden}},
	author = {Abbott, Barbara},
	booktitle = {The Handbook of {Pragmatics}},
	edition = {3},
	editor = {Horn, Laurence R. and Ward, Gregory},
	number = {16},
	pages = {122--149},
	publisher = {{Blackwell}},
	series = {Blackwell Handbooks in Linguistics},
	title = {Definiteness and {{Indefiniteness}}},
	year = {2007}
}

@collection{Traugott1991,
	address = {{Amsterdam, Philadelphia}},
	booktitle = {Approaches to {{Grammaticalization}}. {{Volume}} 1. {{Focus}} on {{Theoretical}} and {{Methodological Issues}}},
	editor = {Traugott, Elizabeth Closs and Heine, Bernd},
	isbn = {1-55619-400-5},
	number = {19},
	publisher = {{John Benjamins}},
	series = {Typological {{Studies}} in {{Language}}},
	shorttitle = {Approaches to {{Grammaticalization}}},
	title = {Approaches to {{Grammaticalization}}. {{Volume}} 1. {{Focus}} on {{Theoretical}} and {{Methodological Issues}}},
	volume = {1},
	year = {1991}
}

@collection{Szczepaniak2020,
	address = {{Amsterdam}},
	booktitle = {Walking on the Grammaticalization Path of the Definite Article},
	editor = {Szczepaniak, Renata and Flick, Johanna},
	file = {/home/johanna/.mozilla/firefox/wlorqfiw.default/zotero/storage/H3NHJZH5/silv.html},
	isbn = {978-90-272-0494-3},
	langid = {english},
	publisher = {{John Benjamins Publishing Company}},
	title = {Walking on the Grammaticalization Path of the Definite Article},
	url = {https://benjamins.com/catalog/silv.23},
	urldate = {2020-02-14},
	year = {2020}
}

@collection{Stark2007,
	address = {{Amsterdam}},
	booktitle = {Nominal Determination: {{T}}ypology, Context Constraints, and Historical Emergence},
	editor = {Stark, Elisabeth and Leiss, Elisabeth and Abraham, Werner},
	isbn = {90-272-3099-4 978-90-272-3099-7},
	number = {89},
	pagetotal = {vi+369},
	publisher = {{Benjamins}},
	series = {Studies in Language},
	shorttitle = {Nominal Determination},
	title = {Nominal Determination: {{T}}ypology, Context Constraints, and Historical Emergence},
	year = {2007}
}

@collection{Sievers1961,
	address = {{Darmstadt}},
	booktitle = {{Tatian: {{L}}ateinisch und Altdeutsch; mit ausführlichem {{Glossar}}}},
	edition = {2., neubearb. Ausg., unveränd. Nachdr. [der Ausg. Paderborn 1892], Sonderausg.},
	editor = {Sievers, Eduard},
	pagetotal = {lxxv+518},
	publisher = {{Wiss. Buchges.}},
	shorttitle = {Tatian},
	title = {{Tatian: {{L}}ateinisch und Altdeutsch; mit ausführlichem {{Glossar}}}},
	year = {1961}
}

@collection{Schwarz-Friesel2007,
	address = {{Amsterdam}},
	booktitle = {Anaphors in Text: {{C}}ognitive, Formal and Applied Approaches to Anaphoric Reference},
	editor = {Schwarz-Friesel, Monika and Consten, Manfred and Knees, Mareile},
	isbn = {978-90-272-3096-6},
	publisher = {{Benjamins}},
	series = {Studies in Language},
	shorttitle = {Anaphors in Text},
	title = {Anaphors in Text: {{C}}ognitive, Formal and Applied Approaches to Anaphoric Reference},
	year = {2007}
}

@collection{Schmid2016,
	booktitle = {Entrenchment, Memory and Automaticity},
	editor = {Schmid, Hans-Jörg},
	publisher = {{de Gruyter}},
	series = {Language and the {{Human Life Span}}},
	title = {Entrenchment, Memory and Automaticity},
	url = {www.anglistik.uni-muenchen.de/personen/professoren/schmid/schmid_publ/introduction_entrenchment.pdf},
	urldate = {2015-08-24},
	year = {2016}
}

@collection{Notker2008,
	address = {{Tübingen}},
	booktitle = {{Notker Latinus} zu {{Boethius}}, ``{{De}} Consolatione Philosophiae'' {{{Buch} I}}/{{{II}}}},
	edition = {Neue Ausg.},
	editor = {Notker , 950-1022 and Tax, Petrus W. and Sehrt, Edward H. and Starck, Taylor and King, James C.},
	isbn = {978-3-484-20220-7},
	number = {120},
	pagetotal = {xlix+95},
	publisher = {{Niemeyer}},
	series = {Altdeutsche {{Textbibliothek}}  },
	title = {{Notker Latinus} zu {{Boethius}}, ``{{De}} Consolatione Philosophiae'' {{{Buch} I}}/{{{II}}}},
	year = {2008}
}

@collection{Miestamo2007,
	address = {{Berlin}},
	booktitle = {New Challenges in Typology: {{B}}roadening the Horizons and Redefining the Foundations},
	editor = {Miestamo, Matti and Wälchli, Bernhard},
	isbn = {978-3-11-019592-7},
	number = {189},
	pagetotal = {xii+407},
	publisher = {{Mouton de Gruyter}},
	series = {Trends in Linguistics},
	shorttitle = {New Challenges in Typology},
	title = {New Challenges in Typology: {{B}}roadening the Horizons and Redefining the Foundations},
	year = {2007}
}

@collection{Mathiot1979,
	address = {{The Hague}},
	booktitle = {Ethnolinguistics: {{Boas}}, {{Sapir}} and {{Whorf}} Revisited},
	editor = {Mathiot, Madeleine},
	number = {27},
	pagetotal = {x+323},
	publisher = {{Mouton}},
	series = {Contributions to the Sociology of Language},
	shorttitle = {Ethnolinguistics},
	title = {Ethnolinguistics: {{Boas}}, {{Sapir}} and {{Whorf}} Revisited},
	year = {1979}
}

@collection{Masser1994,
	address = {{Göttingen}},
	booktitle = {Die lateinisch-althochdeutsche {{Tatianbilingue Stiftsbibliothek St. {{G}}allen Cod}}. 56},
	editor = {Masser, Achim},
	isbn = {3-525-20340-3},
	number = {25},
	pagetotal = {695},
	publisher = {{Vandenhoeck \& Ruprecht}},
	series = {Studien zum {{Althochdeutschen}}},
	title = {Die lateinisch-althochdeutsche {{Tatianbilingue Stiftsbibliothek St. {{G}}allen Cod}}. 56},
	year = {1994}
}

@collection{Massam2012,
	address = {{Oxford}},
	booktitle = {Count and Mass across Languages},
	editor = {Massam, Diane},
	isbn = {978-0-19-965427-7 978-0-19-965428-4},
	number = {42},
	pagetotal = {310},
	publisher = {{Oxford University Press}},
	series = {Oxford Studies in Theoretical Linguistics},
	title = {Count and Mass across Languages},
	year = {2012}
}

@collection{Lindquist2004,
	address = {{Philadelphia}},
	booktitle = {Corpus Approaches to Grammaticalization in {{{English}}}},
	editor = {Lindquist, Hans and Mair, Christian},
	isbn = {978-1-58811-523-2},
	number = {13},
	pagetotal = {xiv+264},
	publisher = {{Benjamins}},
	series = {Studies in Corpus Linguistics : {{SCL}} },
	title = {Corpus Approaches to Grammaticalization in {{{English}}}},
	year = {2004}
}

@collection{Krotz2017,
	address = {{Berlin}},
	booktitle = {{Die Monseer Fragmente: {{B}}and 1: {{{E}}}dition und Übersetzung, Band 2: {{W}}örterbuch und {Kommentar}}},
	editor = {Krotz, Elke},
	isbn = {978-3-11-022016-2},
	langid = {Deutsch},
	pagetotal = {700},
	publisher = {{De Gruyter}},
	shorttitle = {Die Monseer Fragmente},
	title = {{Die Monseer Fragmente: {{B}}and 1: {{{E}}}dition und Übersetzung, Band 2: {{W}}örterbuch und {Kommentar}}},
	year = {2017}
}

@collection{Kittila2011,
	address = {{Amsterdam ; Philadelphia}},
	booktitle = {Case, Animacy and Semantic Roles},
	editor = {Kittilä, Seppo and Västi, Katja and Ylikoski, Jussi},
	isbn = {978-90-272-0680-0 978-90-272-8481-5},
	number = {99},
	pagetotal = {354},
	publisher = {{John Benjamins Pub. Co}},
	series = {Typological Studies in Language},
	title = {Case, Animacy and Semantic Roles},
	year = {2011}
}

@collection{Hoffmann2013,
	address = {{Oxford}},
	booktitle = {The {{{Oxford}}} Handbook of {Construction Grammar}},
	editor = {Hoffmann, Thomas and Trousdale, Graeme},
	isbn = {978-0-19-539668-3},
	pagetotal = {xx+586},
	publisher = {{Oxford Univ. Press}},
	series = {{{Oxford}} Handbooks in Linguistics},
	title = {The {{{Oxford}}} Handbook of {Construction Grammar}},
	year = {2013}
}

@collection{Hench1893,
	address = {{Strassburg}},
	booktitle = {Der althochdeutsche {{Isidor}}: {{Facsimile}}-{{{Ausgabe}}} des {{Pariser Codex}} nebst critischem {{Texte}} der {{Pariser}} und {{Monseer Bruchstücke}} ; mit {{Einleitung}}, grammatischer {{{Darstellung}}} und einem ausführlichen {{Glossar}} ; mit 22 {{Tafeln}}},
	editor = {Hench, George Allison},
	number = {72},
	publisher = {{Trübner}},
	series = {Quellen und {{Forschungen}} zur {{Sprach}}- und {{Kulturgeschichte}} der Germanischen {{Völker}}},
	shorttitle = {Der Althochdeutsche {{Isidor}}},
	title = {Der althochdeutsche {{Isidor}}: {{Facsimile}}-{{{Ausgabe}}} des {{Pariser Codex}} nebst critischem {{Texte}} der {{Pariser}} und {{Monseer Bruchstücke}} ; mit {{Einleitung}}, grammatischer {{{Darstellung}}} und einem ausführlichen {{Glossar}} ; mit 22 {{Tafeln}}},
	year = {1893}
}

@collection{Fretheim1996,
	address = {{Amsterdam}},
	booktitle = {Reference and Referent Accessibility},
	editor = {Fretheim, Thorstein and Gundel, Jeanette K.},
	isbn = {1-55619-331-9},
	pagetotal = {324},
	publisher = {{Benjamins}},
	title = {Reference and Referent Accessibility},
	url = {http://www.ilg.uni-stuttgart.de/vonHeusinger/pub/pub99-98/Heusinger1998_Rev.%20Fretheim%201996.pdf},
	year = {1996}
}

@collection{Eggers1964,
	address = {{Tübingen}},
	booktitle = {Der Althochdeutsche {{Isidor}}: {{N}}ach der {{Pariser Handschrift}} und den {{Monseer Fragmenten}}},
	editor = {Eggers, Hans},
	number = {63},
	pagetotal = {77},
	publisher = {{Niemeyer}},
	series = {Altdeutsche {{Textbibliothek}}},
	shorttitle = {Der Althochdeutsche {{Isidor}}},
	title = {Der Althochdeutsche {{Isidor}}: {{N}}ach der {{Pariser Handschrift}} und den {{Monseer Fragmenten}}},
	year = {1964}
}

@collection{Bergs2008,
	address = {{Berlin}},
	booktitle = {Constructions and Language Change},
	editor = {Bergs, Alexander and Diewald, Gabriele},
	isbn = {978-3-11-019866-9},
	number = {194},
	pagetotal = {271},
	publisher = {{Mouton de Gruyter}},
	series = {Trends in Linguistics},
	title = {Constructions and Language Change},
	year = {2008}
}

@collection{Bergmann2003,
	address = {{Heidelberg}},
	booktitle = {Volkssprachig-Lateinische {{Mischtexte}} und {{Textensembles}} in der {Althochdeutschen}, Altsächsischen und Altenglischen {{Überlieferung}}: {{Mediävistisches {Kolloquium}}} des {{Zentrums}} für {{Mittelalterstudien}} der {{Otto}}-{{Friedrich}}-{{{{U}niversität} {Bamberg}}} am 16. {{{U}}}nd 17. {{November}} 2001},
	editor = {Bergmann, Rolf},
	isbn = {978-3-8253-1573-3},
	number = {17},
	pagetotal = {viii+503},
	publisher = {{Universitätsverl. Winter}},
	series = {Germanistische {{Bibliothek}}},
	shorttitle = {Volkssprachig-Lateinische {{Mischtexte}} und {{Textensembles}} in der Althochdeutschen, Altsächsischen und Altenglischen {{Überlieferung}}},
	title = {Volkssprachig-Lateinische {{Mischtexte}} und {{Textensembles}} in der {Althochdeutschen}, Altsächsischen und Altenglischen {{Überlieferung}}: {{Mediävistisches {Kolloquium}}} des {{Zentrums}} für {{Mittelalterstudien}} der {{Otto}}-{{Friedrich}}-{{{{U}niversität} {Bamberg}}} am 16. {{{U}}}nd 17. {{November}} 2001},
	year = {2003}
}

@collection{Barddal2015a,
	address = {{Amsterdam}},
	booktitle = {Diachronic Construction Grammar},
	editor = {Barðdal, Johanna and Smirnova, Elena and Sommerer, Lotte and Gildea, Spike},
	isbn = {978-90-272-0440-0},
	number = {18},
	pagetotal = {xi+260},
	publisher = {{Benjamins}},
	series = {Constructional Approaches to Language},
	title = {Diachronic Construction Grammar},
	year = {2015}
}

@book{vonPolenz2009,
	address = {{Berlin}},
	author = {von Polenz, Peter},
	booktitle = {{Geschichte} der {Deutschen} {{{Sprache}}}},
	edition = {10., völlig neu bearb. Aufl.},
	editor = {Wolf, Norbert Richard},
	isbn = {978-3-11-017507-3},
	options = {useprefix=true},
	pagetotal = {xvi+224},
	publisher = {{de Gruyter}},
	series = {De {{Gruyter Studienbuch}}},
	title = {{Geschichte} der {Deutschen} {{{Sprache}}}},
	url = {http://sub-hh.ciando.com/book/?bok_id=273492},
	year = {2009}
}

@book{vonPolenz1978,
	address = {{Berlin}},
	author = {von Polenz, Peter},
	edition = {Erw. Neubearb. der früheren Darst. von Hans Sperber, 9., überarb. Aufl.},
	number = {2206},
	options = {useprefix=true},
	pagetotal = {226},
	publisher = {{de Gruyter}},
	series = {Sammlung {{Göschen}}},
	title = {{Geschichte} der {Deutschen} {{{Sprache}}}},
	year = {1978}
}

@book{Zimmer2007,
	address = {{Freiburg}},
	author = {Zimmer, Renate},
	isbn = {978-3-451-32560-1},
	langid = {german},
	pagetotal = {221},
	publisher = {{Herder}},
	shorttitle = {Handbuch der Sinneswahrnehmung},
	title = {{{Handbuch} der Sinneswahrnehmung: {{G}}rundlagen einer ganzheitlichen Bildung und Erziehung}},
	year = {2007}
}

@book{Zifonun1997a,
	address = {{Berlin}},
	author = {Zifonun, Gisela and Hoffmann, Ludger and Strecker, Bruno and Ballweg, Joachim},
	isbn = {3-11-014752-1},
	number = {7},
	publisher = {{de Gruyter}},
	series = {Schriften des {{Instituts}} für {{Deutsche Sprache}}},
	title = {{Grammatik} der {Deutschen} {{{Sprache}}}},
	volume = {1},
	year = {1997}
}

@book{Ziem2013,
	address = {{Berlin, Bosten}},
	author = {Ziem, Alexander and Lasch, Alexander},
	isbn = {3-11-027294-6},
	pagetotal = {232},
	publisher = {{de Gruyter}},
	series = {Germanistische {{Arbeitshefte}}},
	shorttitle = {Konstruktionsgrammatik},
	title = {Konstruktionsgrammatik: {{{Konzepte}}} und {{{Grundlagen}}} gebrauchsbasierter {{Ansätze}}},
	year = {2013}
}

@book{Yamamoto2006,
	address = {{Amsterdam ; Philadelphia}},
	author = {Yamamoto, Mutsumi},
	isbn = {978-90-272-3088-1},
	langid = {Englisch},
	pagetotal = {151},
	publisher = {{John Benjamins Publishing Co}},
	shorttitle = {Agency And Impersonality},
	title = {Agency And Impersonality: {{T}}heir Linguistic And Cultural Manifestations},
	year = {2006}
}

@book{Yamamoto1999,
	address = {{Amsterdam,  Philadelphia}},
	author = {Yamamoto, Mutsumi},
	isbn = {978-90-272-9876-8 90-272-9876-9 978-1-55619-932-5 1-55619-932-5},
	langid = {english},
	publisher = {{J. Benjamins Pub.}},
	title = {Animacy and Reference a Cognitive Approach to Corpus Linguistics},
	year = {1999}
}

@book{Witwicka-Iwanowska2012,
	address = {{Tübingen}},
	author = {Witwicka-Iwanowska, Magdalena},
	isbn = {3-8233-6703-X 978-3-8233-6703-1},
	number = {59},
	pagetotal = {230},
	publisher = {{Narr}},
	series = {Studien zur Deutschen {{Sprache}}: {{Forschungen}} des {{Instituts}} für {{Deutsche Sprache}}},
	shorttitle = {Artikelgebrauch im {{Deutschen}}},
	title = {Artikelgebrauch im {{{Deutschen}}}: {{{E}}}ine {{Analyse}} aus der {{Perspektive}} des {{Polnischen}}},
	year = {2012}
}

@book{Wegera2012,
	address = {{Berlin}},
	author = {Wegera, Klaus-Peter and Waldenberger, Sandra},
	editora = {Lemke, Ilka},
	editoratype = {collaborator},
	file = {/home/johanna/.mozilla/firefox/wlorqfiw.default/zotero/storage/65AC2WBQ/PPN.html},
	isbn = {978-3-503-13738-1},
	number = {52},
	pagetotal = {326},
	publisher = {{Schmidt}},
	series = {Grundlagen der {{Germanistik}}},
	shorttitle = {Deutsch Diachron},
	title = {{Deutsch} Diachron: {{{E}}}ine {{{E}inführung}} in den {{{Sprachwandel}}} des {{{Deutsch}en}}},
	year = {2012}
}

@book{Veldre-Gerner2007,
	address = {Berlin},
	author = {Veldre-Gerner, Georgia},
	isbn = {978-3-11-093889-0},
	langid = {german},
	pagetotal = {233},
	publisher = {{de Gruyter}},
	shorttitle = {Demonstrativa im Text},
	title = {{Demonstrativa im Text: {{{E}}}ine vergleichende {Untersuchung} zum Französischen und Italienischen}},
	year = {2007}
}

@book{Vater2005,
	address = {{München}},
	author = {Vater, Heinz},
	isbn = {3-8252-2685-9},
	number = {2685},
	pagetotal = {206},
	publisher = {{Fink}},
	series = {{{UTB}}},
	title = {Referenz-{{{Linguistik}}}},
	year = {2005}
}

@book{Tschirch1983,
	address = {{Berlin}},
	author = {Tschirch, Fritz},
	booktitle = {Die {{Entfaltung}} der deutschen {{Sprachgestalt}} in der {{Vor}}- und {{Frühzeit}}},
	edition = {3., durchges. Aufl. / bearb. von Werner Besch},
	editor = {Besch, Werner},
	number = {5},
	pagetotal = {201},
	publisher = {{Schmidt}},
	series = {Grundlagen der {{Germanistik}}},
	title = {Die {{Entfaltung}} der deutschen {{Sprachgestalt}} in der {{Vor}}- und {{Frühzeit}}},
	year = {1983}
}

@book{Traugott2013,
	address = {{New York}},
	author = {Traugott, Elizabeth Closs and Trousdale, Graeme},
	isbn = {978-0-19-967989-8},
	langid = {Englisch},
	pagetotal = {278},
	publisher = {{Oxford University Press}},
	title = {Constructionalization and Constructional Changes},
	year = {2013}
}

@book{Traugott2002,
	address = {{Cambridge}},
	author = {Traugott, Elizabeth Closs and Dasher, Richard B.},
	isbn = {978-0-521-58378-7},
	number = {97},
	pagetotal = {xx+341},
	publisher = {{Cambridge Univ. Press}},
	series = {Cambridge Studies in Linguistics},
	title = {Regularity in Semantic Change},
	year = {2002}
}

@book{Szczepaniak2011a,
	address = {{Tübingen}},
	author = {Szczepaniak, Renata},
	edition = {2},
	isbn = {3-8233-6666-1},
	pagetotal = {229},
	publisher = {{Gunter Narr}},
	shorttitle = {Grammatikalisierung im {{Deutschen}}},
	title = {{Grammatikalisierung} im {{{Deutschen}}}: {{Eine {Einführung}}}},
	year = {2011}
}

@book{Sturm2005,
	address = {{Tübingen}},
	author = {Sturm, Afra},
	isbn = {3-484-30498-7},
	number = {498},
	pagetotal = {243},
	publisher = {{Niemeyer}},
	series = {Linguistische {{Arbeiten}}},
	title = {{Eigennamen} und {{Definitheit}}},
	year = {2005}
}

@book{Splett1993,
	address = {{Berlin}},
	author = {Splett, Jochen},
	file = {/home/johanna/.mozilla/firefox/wlorqfiw.default/zotero/storage/DTA3I4G5/PPN.html},
	isbn = {978-3-11-012462-0},
	publisher = {{de Gruyter}},
	shorttitle = {Althochdeutsches {{Wörterbuch}}},
	title = {Althochdeutsches {{{Wörterbuch}}}: {{Analyse}} der {{Wortfamilienstrukturen}} des {{{Althochdeutschen}}}, zugleich {{{Grundlegung}}} einer zukünftigen {{Strukturgeschichte}} des deutschen {{{Wortschatzes}}}},
	year = {1993}
}

@book{Sonderegger2003,
	address = {{Berlin}},
	author = {Sonderegger, Stefan},
	edition = {3., durchges. und wesentlich erw. Aufl.},
	isbn = {3-11-017288-7},
	publisher = {{de Gruyter}},
	shorttitle = {Althochdeutsche {{Sprache}} und {{Literatur}}},
	title = {Althochdeutsche {{{Sprache}}} und {{{Literatur}}}: {{{E}}}ine {{{E}inführung}} in das älteste {{{Deutsch}}}; {{{Darstellung}}} und {{{Grammatik}}}},
	year = {2003}
}

@book{Schwarz2009,
	address = {{Amherst}},
	author = {Schwarz, Florian},
	isbn = {978-1-4495-7151-1},
	pagetotal = {xi+219},
	publisher = {{GLSA, Grad. Ling. Students' Assoc., Univ. of Mass.}},
	title = {Two Types of Definites in Natural Language},
	year = {2009}
}

@book{Schwarz2000,
	address = {Berlin},
	author = {Schwarz, Monika},
	isbn = {978-3-11-091251-7},
	langid = {german},
	pagetotal = {189},
	publisher = {{de Gruyter}},
	shorttitle = {Indirekte Anaphern in Texten},
	title = {{Indirekte Anaphern in Texten: {{S}}tudien zur domänengebundenen Referenz und Kohärenz im {Deutschen}}},
	year = {2000}
}

@book{Schutzeichel2012,
	address = {{Berlin}},
	author = {Schützeichel, Rudolf},
	edition = {7., durchges. und verb. Aufl.},
	isbn = {978-3-11-026871-3 978-3-11-026881-2},
	pagetotal = {414},
	publisher = {{De Gruyter}},
	sortname = {Schutzeichel, Rudolf},
	title = {Althochdeutsches {{{Wörterbuch}}}},
	year = {2012}
}

@book{Schrodt2004,
	address = {{Tübingen}},
	author = {Schrodt, Richard},
	isbn = {3-484-10862-2},
	number = {2},
	pagetotal = {242},
	publisher = {{Niemeyer}},
	series = {Sammlung kurzer {{Grammatiken}} germanischer {{Dialekte}}},
	title = {Syntax},
	year = {2004}
}

@book{Schrauf2011,
	address = {{Marburg}},
	author = {Schrauf, Judith},
	booktitle = {Vom {{Konkreten}} im {{Abstrakten}}: {{{E}}}ine kognitionslinguistische {{Analyse}} zu {{Konkreta}} und {{Abstrakta}}},
	editor = {Kauschke, Christina},
	publisher = {{Philipps-Universität Marburg}},
	shorttitle = {Vom {{Konkreten}} im {{Abstrakten}}},
	title = {Vom {{Konkreten}} im {{Abstrakten}}: {{{E}}}ine kognitionslinguistische {{Analyse}} zu {{Konkreta}} und {{Abstrakta}}},
	year = {2011}
}

@book{Schmid2000,
	address = {{Berlin}},
	author = {Schmid, Hans-Jörg},
	isbn = {978-3-11-016767-2},
	number = {34},
	pagetotal = {xi+457},
	publisher = {{Mouton de Gruyter}},
	series = {Topics in {{English}} Linguistics},
	shorttitle = {English Abstract Nouns as Conceptual Shells},
	sortname = {Schmid, Hans-Jorg},
	title = {{English} Abstract Nouns as Conceptual Shells: {{F}}rom Corpus to Cognition},
	year = {2000}
}

@book{Schlachter2012,
	address = {{Heidelberg}},
	author = {Schlach\-ter, Eva},
	isbn = {3-8253-5981-6},
	pagetotal = {230},
	publisher = {{Winter}},
	shorttitle = {Syntax und {{Informationsstruktur}} im {{Althochdeutschen}}},
	title = {Syntax und {{Informationsstruktur}} im {{{Althochdeutschen}}}: {{{Untersuchungen}}} am {{{Beispiel}}} der {{Isidor}}-{{Gruppe}}},
	year = {2012}
}

@book{Schildt1981,
	address = {{Berlin}},
	author = {Schildt, Joachim},
	number = {20},
	publisher = {{Akademie-Verlag}},
	series = {Sammlung {{Akademie}}-{{Verlag}}},
	shorttitle = {Abriss der {{Geschichte}} der Deutschen {{Sprache}}},
	title = {Abriss der {{{Geschichte}}} der deutschen {{{Sprache}}}: {{Z}}um {{{Verhältnis}}} von {{Gesellschafts}}- und {{{Sprachgeschichte}}}},
	year = {1981}
}

@book{Russell2006,
	address = {{Hamburg}},
	author = {Russell, Bertrand},
	booktitle = {{Einführung} in die Mathematische {{Philosophie}}},
	edition = {2},
	editor = {Otte, Michael and Lenhard, Johannes},
	isbn = {3-7873-1828-3 978-3-7873-1828-5},
	number = {536},
	pagetotal = {lxii+237},
	publisher = {{Meiner}},
	series = {Philosophische {{Bibliothek}}},
	title = {{Einführung} in die Mathematische {{Philosophie}}},
	year = {2006}
}

@book{Rijkhoff2002,
	address = {{Oxford}},
	author = {Rijkhoff, Jan},
	isbn = {978-0-19-823782-2},
	pagetotal = {xii+413},
	publisher = {{Oxford Univ. Press}},
	series = {Oxford Studies in Typology and Linguistic Theory},
	title = {The Noun Phrase},
	year = {2002}
}

@book{Ramat1981,
	address = {{Tübingen}},
	author = {Ramat, Paolo},
	isbn = {3-484-10411-2},
	number = {95},
	pagetotal = {224},
	publisher = {{Niemeyer}},
	series = {Linguistische {{Arbeiten}} },
	title = {{Einführung} in das {{Germanische}}},
	year = {1981}
}

@book{Pustejovsky2012,
	address = {\biberror{no address}},
	author = {Pustejovsky, James and Stubbs, Amber},
	eprint = {QtzmqamXxx4C},
	isbn = {978-1-4493-0666-3},
	langid = {english},
	pagetotal = {344},
	publisher = {{O'Reilly Media, Inc.}},
	title = {Natural Language Annotation for {Machine} Learning},
	year = {2012}
}

@book{Penzl1986,
	address = {{Bern}},
	author = {Penzl, Herbert},
	number = {7},
	pagetotal = {209},
	publisher = {{Lang}},
	series = {Germanistische {{Lehrbuchsammlung}} },
	shorttitle = {Althochdeutsch},
	title = {{Althochdeutsch}: {{{E}}}ine {{{E}inführung}} in {{{Dialekte}}} und {{Vorgeschichte}}},
	year = {1986}
}

@book{Oubouzar1989,
	address = {{Paris (Sorbonne)}},
	author = {Oubouzar, Erika},
	publisher = {{These d'Etat}},
	title = {L'évolution des déterminatifs dans le groupe nominal en vieux haut-allemand},
	year = {1989}
}

@book{Onnerfors1997,
	address = {{Stockholm}},
	author = {Önnerfors, Olaf},
	isbn = {978-91-22-01741-7},
	number = {60},
	pagetotal = {269},
	publisher = {{Almqvist \& Wiksell}},
	series = {Lunder Germanistische {{Forschungen}}},
	shorttitle = {Verb-Erst-{{Deklarativsätze}}},
	sortname = {Onnerfors, Olaf},
	title = {Verb-Erst-{{Deklarativsätze}}: {{{Grammatik}}} und {{{Pragmatik}}}},
	year = {1997}
}

@book{Nubling2012,
	address = {{Tübingen}},
	author = {Nüb\-ling, Damaris and Fahlbusch, Fabian and Heuser, Rita},
	isbn = {3-8233-6685-8},
	pagetotal = {368},
	publisher = {{Narr}},
	sortname = {Nubling, Damaris and Fahlbusch, Fabian and Heuser, Rita},
	title = {{Namen}. {{Eine {Einführung}}} in die {{{Onomastik}}}},
	year = {2012}
}

@book{Nubling1992,
	address = {{Tübingen}},
	author = {Nübling, Damaris},
	isbn = {3-8233-4257-6},
	number = {42},
	pagetotal = {377},
	publisher = {{Narr}},
	series = {{{ScriptOralia}}},
	shorttitle = {Klitika im {{Deutschen}}},
	sortname = {Nubling, Damaris},
	title = {Klitika im {{{Deutschen}}}: {{{Schriftsprache}}}, {{Umgangssprache}}, alemannische {{{Dialekte}}}},
	year = {1992}
}

@book{Nichols1999,
	address = {{Chicago; London}},
	author = {Nichols, Johanna},
	edition = {Revised.},
	isbn = {978-0-226-58057-9},
	langid = {Englisch},
	pagetotal = {374},
	publisher = {{University of Chicago Press}},
	title = {Linguistic Diversity in Space and Time},
	year = {1999}
}

@book{Neumann1967,
	address = {{Gießen: Schmitz}},
	author = {Neumann, Reinulf},
	number = {37},
	pagetotal = {133},
	publisher = {\biberror{no publisher}},
	series = {{{Beiträge}} zur Deutschen {{Philologie}}},
	title = {Der bestimmte {{Artikel}} Ther und Thie und seine {{Funktionen}} im althochdeutschen {{Tatian}}},
	year = {1967}
}

@book{Meineke2001,
	address = {{Paderborn}},
	author = {Meineke, Eckhard and Schwerdt, Judith},
	isbn = {3-8252-2167-9 978-3-8252-2167-6 3-506-97006-2 978-3-506-97006-0},
	langid = {german},
	publisher = {{Schöningh}},
	title = {{Einführung} in das {Althochdeutsche}},
	year = {2001}
}

@book{McEnery2006,
	address = {\biberror{no address}},
	author = {McEnery, Tony and Xiao, Richard and Tono, Yukio},
	isbn = {978-0-415-28623-7},
	langid = {english},
	pagetotal = {410},
	publisher = {{Taylor \& Francis}},
	shorttitle = {Corpus-Based {{Language Studies}}},
	title = {Corpus-Based Language Studies: {{An}} Advanced Resource {Book}},
	year = {2006}
}

@book{Matzel1970,
	address = {{Bonn}},
	author = {Matzel, Klaus},
	isbn = {978-3-7928-0282-3},
	number = {75},
	pagetotal = {564},
	publisher = {{Röhrscheid}},
	series = {Rheinisches {{Archiv}}: {{Veröffentlichungen}} des {{Instituts}} für {{Geschichtliche Landeskunde}} der {{Rheinlande}} an der {{Universität Bonn}}},
	title = {{Untersuchungen} zur {{Verfasserschaft}}, {{{Sprache}}} und {{{Herkunft}}} der althochdeutschen {{Übersetzungen}} der {{Isidor}}-{{Sippe}}},
	year = {1970}
}

@book{Marx2011,
	address = {{Berlin}},
	author = {Marx, Konstanze},
	publisher = {{Universitätsverlag der TU Berlin}},
	title = {Die {{{Verarbeitung}}} von {{Komplex}}-{{Anaphern}}: {{Neurolinguistische {Untersuchungen}}} zur kognitiven {{Textverstehenstheorie}}},
	year = {2011}
}

@book{Lyons1999,
	address = {{Cambridge}},
	author = {Lyons, Christopher},
	edition = {1. publ.},
	isbn = {0-521-36835-9},
	pagetotal = {380},
	publisher = {{Cambridge Univ. Press}},
	series = {Cambridge Textbooks in Linguistics},
	title = {Definiteness},
	year = {1999}
}

@book{Lippert1974,
	address = {{München}},
	author = {Lippert, Jörg},
	number = {25},
	pagetotal = {203},
	publisher = {{Fink}},
	series = {Medium Aevum},
	shorttitle = {Beiträge zu {{Technik}} und {{Syntax}} Althochdeutscher {{Übersetzungen}}},
	sortname = {Lippert, Jorg},
	title = {{Beiträge} zu {{{Technik}}} und {{Syntax}} althochdeutscher {{Übersetzungen}}: {{{U}}}nter besonderer {{{Berücksichtigung}}} der {{Isidorgruppe}} und des althochdeutschen {{Tatian}}},
	year = {1974}
}

@book{Lemnitzer2015,
	address = {{Tübingen}},
	author = {Lemnitzer, Lothar and Zinsmeister, Heike},
	edition = {3., überarbeitete und erweiterte Auflage.},
	file = {/home/johanna/.mozilla/firefox/wlorqfiw.default/zotero/storage/CQX55QJ7/PPN.html},
	isbn = {978-3-8233-6886-1},
	publisher = {{Narr Francke Attempto}},
	series = {Narr {{Studienbücher}}},
	shorttitle = {Korpuslinguistik},
	title = {Korpuslinguistik: {{{E}}}ine {{{E}inführung}}},
	year = {2015}
}

@book{Leiss2000,
	address = {{Berlin}},
	author = {Leiss, Elisabeth},
	isbn = {3-11-016718-2},
	publisher = {{de Gruyter}},
	series = {Studia {{Linguistica Germanica}}},
	shorttitle = {Artikel und {{Aspekt}}},
	title = {Artikel und {{Aspekt}}: {{D}}ie grammatischen {{{Muster}}} von {{Definitheit}}},
	year = {2000}
}

@book{Lehmann2015,
	address = {Berlin},
	author = {Lehmann, Christian},
	doi = {10.17169/langsci.b88.98},
	origdate = {1982},
	publisher = {Language Science Press},
	series = {Classics in {{Linguistics}}},
	title = {Thoughts on Grammaticalization},
	year = {2015}
}

@book{Lehmann2002,
	address = {{Erfurt}},
	author = {Lehmann, Christian},
	edition = {2},
	number = {9},
	origdate = {1982},
	publisher = {{Seminar für Sprachwissenschaften}},
	series = {Arbeitspapiere des {{Seminars}} für {{Sprachwissenschaft}} der {{Universität Erfurt}}},
	title = {Thoughts on Grammaticalization},
	url = {http://www.db-thueringen.de/servlets/DerivateServlet/Derivate-2058/ASSidUE09.pdf},
	year = {2002}
}

@book{Laury1997,
	address = {{Amsterdam}},
	author = {Laury, Ritva},
	isbn = {1-55619-373-4},
	pagetotal = {294},
	publisher = {{Benjamins}},
	shorttitle = {Demonstratives in Interaction},
	title = {Demonstratives in Interaction: {{T}}he Emergence of a Definite Article in {{{Finnish}}}},
	year = {1997}
}

@book{Langacker2008,
	address = {{New York}},
	author = {Langacker, Ronald W.},
	isbn = {978-0-19-533196-7},
	publisher = {{Oxford Univ. Press}},
	shorttitle = {Cognitive Grammar},
	title = {Cognitive Grammar: {{A}} Basic Introduction},
	year = {2008}
}

@book{Langacker1991,
	address = {{Stanford}},
	author = {Langacker, Ronald W.},
	isbn = {0-8047-1909-8},
	pagetotal = {589},
	publisher = {{Stanford Univ. Press}},
	title = {Descriptive Application},
	year = {1991}
}

@book{Langacker1987,
	address = {{Stanford}},
	author = {Langacker, Ronald W.},
	isbn = {0-8047-1261-1},
	pagetotal = {516},
	publisher = {{Stanford Univ. Press}},
	title = {Theoretical Prerequisites},
	year = {1987}
}

@book{Lakoff1999,
	address = {{New York, NY}},
	author = {Lakoff, George and Johnson, Mark},
	isbn = {978-0-465-05674-3},
	langid = {english},
	pagetotal = {640},
	publisher = {{Basic Books}},
	shorttitle = {Philosophy in the Flesh},
	title = {Philosophy in the Flesh: {{T}}he Embodied Mind \& Its Challenge to {Western} Thought},
	year = {1999}
}

@book{Krotz2002,
	address = {{Heidelberg}},
	author = {Krotz, Elke},
	isbn = {3-8253-1363-8},
	pagetotal = {734},
	publisher = {{Winter}},
	series = {Beiträge zur Älteren {{Literaturgeschichte}}},
	shorttitle = {Auf den {{Spuren}} des althochdeutschen {{Isidor}}},
	title = {Auf den {{Spuren}} des althochdeutschen {{Isidor}}: {{{Studien}}} zur {{Pariser Handschrift}}, den {{Monseer Fragmenten}} und zum {{Codex Junius}} 25 ; mit einer {{Neuedition}} des {{Glossars Jc}}},
	year = {2002}
}

@book{Kramsky1972,
	address = {{The Hague}},
	author = {Krámský, Jiří},
	isbn = {90-279-2119-9},
	number = {125},
	publisher = {{de Gruyter}},
	series = {Janua Linguarum: Studia Memoriae {{Nicolai}} van {{Wijk}} Dedicata},
	sortname = {Kramsky, Jiri},
	title = {The Article and the Concept of Definiteness in Language},
	year = {1972}
}

@book{Kraiss2012,
	address = {{Ann Arbor}},
	author = {Kraiss, Andrew M.},
	isbn = {978-1-267-05366-4},
	pagetotal = {153},
	publisher = {{ProQuest LLC}},
	title = {Determiner Phrase and Definiteness in {{{Old High German}}}},
	year = {2012}
}

@book{Kovari1984,
	address = {{Wien}},
	author = {Kovari, Geoffrey},
	number = {26},
	pagetotal = {224},
	publisher = {{Halosar}},
	series = {Wiener {{Arbeiten}} zur Germanischen {{Altertumskunde}} und {{Philologie}}: {{Germanistisches Institut}} der {{Universität Wien}}},
	shorttitle = {Studien zum Germanischen {{Artikel}}},
	title = {{Studien} zum germanischen {{Artikel}}: {{{Entstehung}}} und {{Verwendung}} des {{Artikels}} im {{Gotischen}}},
	year = {1984}
}

@book{Konig2015,
	address = {{München}},
	author = {König, Werner},
	booktitle = {Dtv-{{Atlas}} deutsche {{{Sprache}}}},
	edition = {18},
	editor = {Elspaß, Stephan and Möller, Robert and Paul, Hans-Joachim},
	isbn = {978-3-423-03025-0},
	number = {3025},
	pagetotal = {256},
	publisher = {Deutscher {{Taschenbuch}}-{{Verlag}} (Dtv)},
	title = {Dtv-{{Atlas}} deutsche {{{Sprache}}}},
	year = {2015}
}

@book{Kluge2011,
	address = {{Berlin}},
	author = {Kluge, Friedrich},
	edition = {25},
	editora = {Seebold, Elmar},
	editoratype = {collaborator},
	isbn = {978-3-11-022364-4},
	pagetotal = {lxix+1021},
	publisher = {{de Gruyter}},
	title = {Etymologisches {{{Wörterbuch}}} der deutschen {{{Sprache}}}},
	year = {2011}
}

@book{Kibrik2011,
	address = {{Oxford}},
	author = {Kibrik, Andrej A.},
	isbn = {978-0-19-921580-5},
	pagetotal = {xxx+651},
	publisher = {{Oxford Univ. Press}},
	series = {Oxford Studies in Typology and Linguistic Theory},
	title = {Reference in Discourse},
	year = {2011}
}

@book{Keller1994,
	address = {{Tübingen}},
	author = {Keller, Rudi},
	edition = {2},
	isbn = {3-8252-1567-9},
	number = {1567},
	pagetotal = {238},
	publisher = {{Francke}},
	series = {{{UTB}}},
	shorttitle = {Sprachwandel},
	title = {{Sprachwandel}: {{V}}on der Unsichtbaren {{Hand}} in der {{{Sprache}}}},
	year = {1994}
}

@book{Jager2008,
	address = {{Amsterdam}},
	author = {Jäger, Agnes},
	publisher = {{Benjamins}},
	series = {Linguistik Aktuell},
	sortname = {Jager, Agnes},
	title = {History of {{{German}}} Negation},
	year = {2008}
}

@book{Jager1917,
	address = {{Leipzig}},
	author = {Jäger, Paul},
	langid = {german},
	pagetotal = {92},
	publisher = {{Thomas \& Hubert}},
	sortname = {Jager, Paul},
	title = {{Der Gebrauch des bestimmten Artikels bei Isidor und Tatian vergleichend dargestellt}},
	year = {1917}
}

@book{Imo2007,
	address = {Tübingen},
	author = {Imo, Wolfgang},
	isbn = {3-484-31275-0},
	pagetotal = {388},
	publisher = {Niemeyer},
	series = {Germanistische {{Linguistik}}},
	shorttitle = {Construction {{Grammar}} und {{Gesprochene}}-{{Sprache}}-{{Forschung}}},
	title = {Construction {{Grammar}} und {{Gesprochene}}-{{{Sprache}}}-{{{Forschung}}}: {{Konstruktionen}} mit zehn matrixsatzfähigen {{{Verben}}} im gesprochenen {{{Deutsch}}}},
	year = {2007}
}

@book{Hopper2006,
	address = {{Cambridge}},
	author = {Hopper, Paul J. and Traugott, Elizabeth Closs},
	edition = {2},
	isbn = {978-0-521-80421-9},
	pagetotal = {xx+276},
	publisher = {{Cambridge Univ. Press}},
	series = {Cambridge Textbooks in Linguistics},
	title = {Grammaticalization},
	year = {2006}
}

@book{Hodler1954,
	address = {{Heidelberg}},
	author = {Hodler, Werner},
	pagetotal = {112},
	publisher = {{Winter}},
	series = {Germanische {{Bibliothek}}: {{Reihe}} 3, {{Untersuchungen}} und {{Einzeldarstellungen}}},
	title = {{Grundzüge} einer germanischen {{Artikellehre}}},
	year = {1954}
}

@book{Himmelmann1997,
	address = {{Tübingen}},
	author = {Himmelmann, Nikolaus P.},
	isbn = {3-484-30362-X},
	publisher = {{Niemeyer}},
	series = {Linguistische {{Arbeiten}}},
	title = {Deiktikon, {{Artikel}}, {{Nominalphrase}}: {{Zur Emergenz}} syntaktischer {{{Struktur}}}},
	year = {1997}
}

@book{Hilpert2013,
	address = {{Cambridge}},
	author = {Hilpert, Martin},
	isbn = {978-1-107-01348-3},
	pagetotal = {xiv+233},
	publisher = {{Cambridge Univ. Press}},
	series = {Studies in {{English}} Language},
	shorttitle = {Constructional Change in {{English}}},
	title = {Constructional Change in {{{English}}}: {{D}}evelopments in Allomorphy, Word Formation, and Syntax},
	year = {2013}
}

@book{Hench1890,
	address = {{Strassburg}},
	author = {Hench, George Allison},
	pagetotal = {xxv+212},
	publisher = {{Trübner}},
	shorttitle = {The {{Monsee}} Fragments},
	title = {The {{Monsee}} Fragments: {{N}}ewly Collated Text with Introduction, Notes, Grammatical Treatise and Exhaustive Glossary and a Photo-Litographic Fac-Simile},
	year = {1890}
}

@book{Heinrichs1954,
	address = {{Gießen}},
	author = {Heinrichs, Heinrich Matthias},
	number = {1},
	pagetotal = {142},
	publisher = {{Schmitz}},
	series = {Beiträge zur Deutschen {{Philologie}}},
	title = {{Studien} zum bestimmten {{Artikel}} in den germanischen {{{Sprachen}}}},
	year = {1954}
}

@book{Heine2002,
	address = {{Cambridge}},
	author = {Heine, Bernd and Kuteva, Tania},
	edition = {1},
	pagetotal = {xii+387},
	publisher = {{Cambridge Univ. Press}},
	title = {World Lexicon of Grammaticalization},
	year = {2002}
}

@book{Heine1997,
	address = {{Oxford, New York}},
	author = {Heine, Bernd},
	isbn = {978-0-19-510252-9},
	langid = {english},
	pagetotal = {198},
	publisher = {{Oxford University Press}},
	title = {Cognitive Foundations of Grammar},
	year = {1997}
}

@book{Heine1991,
	address = {{Chicago,London}},
	author = {Heine, Bernd and Claudi, Ulrike and Hünnemeyer, Friederike},
	isbn = {978-0-226-32515-6},
	langid = {english},
	pagetotal = {318},
	publisher = {{University of Chicago Press}},
	shorttitle = {Grammaticalization},
	sortname = {Heine, Bernd and Claudi, Ulrike and Hunnemeyer, Friederike},
	title = {Grammaticalization: {{A}} Conceptual Framework},
	year = {1991}
}

@book{Heindl2016,
	address = {\biberror{no address}},
	author = {Heindl, Olga},
	file = {/home/johanna/.mozilla/firefox/wlorqfiw.default/zotero/storage/HWEXE83U/N2X7BEZ2AGCALKDKCBFNQBQ7KV7ZWWZN.html},
	publisher = {\biberror{no publisher}},
	title = {Aspekt und {{Genitivobjekt}} in den älteren germanischen {{{Sprachen}}} unter besonderer {{{Berücksichtigung}}} des {{Mittelhochdeutschen}}: {{{E}}}ine kontrastive {{Studie}} zum {{Slavischen}}},
	year = {2016}
}

@book{Hawkins2004,
	address = {{Oxford}},
	author = {Hawkins, John A.},
	isbn = {0-19-925268-8 978-0-19-925269-5},
	pagetotal = {xvii+303},
	publisher = {{Oxford Univ. Press}},
	series = {Oxford Linguistics},
	title = {Efficiency and Complexity in Grammars},
	year = {2004}
}

@book{Hawkins1978,
	address = {{London}},
	author = {Hawkins, John A.},
	pagetotal = {316},
	publisher = {{Croom Helm}},
	series = {Croom {{Helm}} Linguistics Series},
	shorttitle = {Definiteness and Indefiniteness},
	title = {Definiteness and Indefiniteness: {{A}} Study in Reference and Grammaticality Prediction},
	year = {1978}
}

@book{Hartmann1967,
	address = {{Gießen}},
	author = {Hartmann, Dietrich},
	number = {38},
	pagetotal = {309},
	publisher = {{Schmitz}},
	series = {Beiträge zur Deutschen {{Philologie}}},
	title = {{Studien} zum bestimmten {{Artikel}} in `{{Morant}} und {{Galie}}' und anderen rheinischen {{Denkmälern}} des {{{Mittelalters}}}},
	year = {1967}
}

@book{Halliday1993,
	address = {{London}},
	author = {Halliday, M. A. and Hasan, Ruqaiya},
	edition = {12. impr.},
	isbn = {978-0-582-55041-4},
	number = {9},
	pagetotal = {374},
	publisher = {{Longman}},
	series = {English {{Language Series}}},
	title = {Cohesion in {{{English}}}},
	year = {1993}
}

@book{Gruber2006,
	address = {{Berlin}},
	author = {Gruber, Joachim},
	edition = {2., erw. Aufl.},
	isbn = {978-3-11-017740-4},
	number = {9},
	pagetotal = {xi+520},
	publisher = {{de Gruyter}},
	series = {Texte und {{Kommentare}} },
	title = {{Kommentar} zu {{Boethius}}, {{De Consolatione Philosophiae}}},
	year = {2006}
}

@book{Grotans2006,
	address = {Cambridge},
	author = {Grotans, Anna A.},
	isbn = {978-1-139-45332-5},
	langid = {english},
	pagetotal = {380},
	publisher = {{Cambridge University Press}},
	title = {Reading in {{Medieval St}}. {{Gall}}},
	year = {2006}
}

@book{Grimm1986,
	address = {{Leipzig}},
	author = {Grimm, Hans-Jürgen},
	edition = {1},
	pagetotal = {142},
	publisher = {{Verl. Enzyklopädie}},
	series = {Linguistische {{Studien}}},
	sortname = {Grimm, Hans-Jurgen},
	title = {{Untersuchungen} zum {{Artikelgebrauch}} im {{{Deutschen}}}},
	year = {1986}
}

@book{Graf1905,
	address = {{Giessen}},
	author = {Gräf, Heinrich},
	pagetotal = {84},
	publisher = {{Heppeler \& Meyer}},
	sortname = {Graf, Heinrich},
	title = {Die {{{Entwicklung}}} des deutschen {{Artikels}} vom {{{Althochdeutschen}}} zum {{Mittelhochdeutschen}}},
	year = {1905}
}

@book{Goldberg2006,
	address = {Oxford},
	author = {Goldberg, Adele E.},
	isbn = {0-19-926852-5},
	pagetotal = {288},
	publisher = {{Oxford University Press}},
	shorttitle = {Constructions at Work},
	title = {Constructions at Work: {{T}}he Nature of Generalization in Language},
	year = {2006}
}

@book{Goldberg1995,
	address = {{Chicago,London}},
	author = {Goldberg, Adele E.},
	isbn = {978-0-226-30086-3},
	langid = {english},
	pagetotal = {278},
	publisher = {{University of Chicago Press}},
	shorttitle = {Constructions},
	title = {Constructions: {{A Construction Grammar Approach}} to Argument Structure},
	year = {1995}
}

@book{Glaser1996,
	address = {{Göttingen}},
	author = {Glaser, Elvira},
	isbn = {978-3-525-20345-3},
	number = {30},
	pagetotal = {659},
	publisher = {{Vandenhoeck \& Ruprecht}},
	series = {Studien zum {{Althochdeutschen}}},
	shorttitle = {Frühe {{Griffelglossierung}} aus {{Freising}}},
	title = {Frühe {{Griffelglossierung}} aus {{Freising}}: {{{E}}}in {{{Beitrag}}} zu den {{{Anfängen}}} Althochdeutscher {{{Schriftlichkeit}}}},
	year = {1996}
}

@book{Givon1979,
	address = {{Orlando}},
	author = {Givón, Talmy},
	file = {/home/johanna/.mozilla/firefox/wlorqfiw.default/zotero/storage/B36EC6TK/PPN.html},
	isbn = {978-0-12-285451-4},
	pagetotal = {xiv+379},
	publisher = {{Academic Press}},
	series = {Perspectives in Neurolingustics and Psycholinguistics},
	sortname = {Givon, Talmy},
	title = {On Understanding Grammar},
	year = {1979}
}

@book{Gillmann2016,
	address = {{Boston}},
	author = {Gillmann, Melitta},
	isbn = {978-3-11-048881-4},
	langid = {Deutsch},
	pagetotal = {348},
	publisher = {{De Gruyter Mouton}},
	shorttitle = {Perfektkonstruktionen mit ›haben‹ und ›sein‹},
	title = {{Perfektkonstruktionen mit ›haben‹ und ›sein‹: {{{E}}}ine Korpusuntersuchung im {Althochdeutschen}, Altsächsischen und {Neuhochdeutschen}}},
	year = {2016}
}

@book{Gerstner-Link1995,
	address = {{München}},
	author = {Gerstner-Link, Claudia},
	isbn = {978-3-7705-3058-8},
	pagetotal = {253},
	publisher = {{Fink}},
	series = {Studien zur Theoretischen {{Linguistik}} },
	shorttitle = {Über {{Generizität}}},
	title = {Über {{Generizität}}: {{G}}enerische {{Nominalausdrücke}} in singulären und generellen {{Aussagen}}},
	year = {1995}
}

@book{Fraurud1992,
	address = {{University of Stockholm}},
	author = {Fraurud, Kari},
	publisher = {\biberror{no publisher}},
	title = {Processing Noun Phrases in Natural Discourse},
	year = {1992}
}

@book{Fleischer2011,
	address = {{Tübingen}},
	author = {Fleischer, Jürg and Schallert, Oliver},
	isbn = {978-3-8233-6568-6 3-8233-6568-1},
	pagetotal = {357},
	publisher = {{Narr}},
	series = {Narr {{Studienbücher}}},
	shorttitle = {Historische {{Syntax}} des {{Deutschen}}},
	sortname = {Fleischer, Jurg and Schallert, Oliver},
	title = {{Historische} {{Syntax}} des {{{Deutschen}}}: {{{E}}}ine {{{E}inführung}}},
	year = {2011}
}

@book{Fischer2007,
	address = {{Oxford}},
	author = {Fischer, Olga},
	pagetotal = {xviii+378},
	publisher = {{Oxford Univ. Press}},
	series = {Oxford Surveys in Syntax and Morphology},
	shorttitle = {Morphosyntactic Change},
	title = {Morphosyntactic Change: {{F}}unctional and Formal Perspectives},
	year = {2007}
}

@book{Fillmore1997,
	address = {{Stanford}},
	author = {Fillmore, Charles J.},
	isbn = {978-1-57586-006-0},
	number = {65},
	pagetotal = {v+145},
	publisher = {{CSLI Publications}},
	series = {{{CSLI}}},
	title = {Lectures on Deixis},
	year = {1997}
}

@book{Ferraresi2014,
	address = {{Heidelberg}},
	author = {Ferraresi, Gisella},
	isbn = {3-8253-6298-1 978-3-8253-6298-0},
	number = {15},
	pagetotal = {100},
	publisher = {{Winter}},
	series = {Kurze {{Einführungen}} in die Germanistische {{Linguistik}}},
	title = {{Grammatikalisierung}},
	year = {2014}
}

@book{Faingold2004,
	address = {\biberror{no address}},
	author = {Faingold, Eduardo},
	isbn = {1-4039-0052-3},
	pagetotal = {192},
	publisher = {{Palgrave Macmillan}},
	title = {The Development of Grammar in {{{Spanish}}} and the {{{Romance}}} languages},
	year = {2004}
}

@book{Evans2011,
	address = {{Edinburgh}},
	author = {Evans, Vyvyan and Green, Melanie},
	edition = {Repr.},
	isbn = {978-0-7486-1832-3},
	pagetotal = {xxvi+830},
	publisher = {{Edinburgh Univ. Press}},
	shorttitle = {Cognitive Linguistics},
	title = {Cognitive Linguistics: {{A}}n Introduction},
	year = {2011}
}

@book{Eilers2003,
	address = {{Berlin}},
	author = {Eilers, Helge},
	isbn = {978-3-11-017446-5},
	number = {66},
	pagetotal = {xvi+302},
	publisher = {{de Gruyter}},
	series = {Studia Linguistica {{Germanica}}},
	shorttitle = {Die {{Syntax Notkers}} des {{Deutschen}} in seinen {{Übersetzungen}}},
	title = {Die {{Syntax Notkers}} des {{{Deutschen}}} in seinen {{Übersetzungen}}: {{Boethius}}, {{Martianus Capella}} und {{Psalmen}}},
	year = {2003}
}

@book{Ehlich1979,
	address = {{Frankfurt am Main}},
	author = {Ehlich, Konrad},
	number = {24},
	pagetotal = {iii+541+946},
	publisher = {{Lang}},
	series = {Forum Linguisticum},
	shorttitle = {Verwendungen der {{Deixis}} beim Sprachlichen {{Handeln}}},
	title = {Verwendungen der {{Deixis}} beim Sprachlichen {{Handeln}}: {{L}}inguistisch-Philologische {{{Untersuchungen}}} zum Hebräischen Deiktischen {{System}}},
	year = {1979}
}

@book{Eggenberger1961,
	address = {{Chur}},
	author = {Eggenberger, Jakob},
	pagetotal = {xx+179},
	publisher = {{Sulser}},
	shorttitle = {Das {{Subjektpronomen}} im {{Althochdeutschen}}},
	title = {Das {{Subjektpronomen}} im {{{Althochdeutschen}}}: {{{E}}}in syntaktischer {{{Beitrag}}} zur {{Frühgeschichte}} des deutschen {{Schrifttums}}},
	year = {1961}
}

@book{Ebert1978,
	address = {{Stuttgart}},
	author = {Ebert, Robert Peter},
	edition = {1},
	isbn = {978-3-476-10167-9},
	number = {167},
	pagetotal = {xii+90},
	publisher = {{Metzler}},
	series = {Sammlung {{Metzler}}},
	title = {{Historische} {{Syntax}} des {{{Deutschen}}}},
	year = {1978}
}

@book{Ebert1971,
	address = {\biberror{no address}},
	author = {Ebert, Karen H.},
	isbn = {978-3-88007-033-2},
	pagetotal = {207},
	publisher = {{Nordfriisk Instituut}},
	title = {Referenz, {{Sprechsituation}} und die bestimmten {{Artikel}} in einem nordfriesischen {{{Dialekt}}}},
	year = {1971}
}

@book{Duden2009,
	address = {{Mannheim}},
	author = {Duden},
	edition = {8., überarbeitete Auflage.},
	pagetotal = {1343},
	publisher = {{Bibliographisches Institut, Mannheim}},
	shorttitle = {Duden 04. {{Die Grammatik}}},
	title = {Die {{{Grammatik}}}: {{Unentbehrlich}} für richtiges {{{Deutsch}}}: {{Band}} 4},
	year = {2009}
}

@book{Dixon1995,
	address = {{Cambridge}},
	author = {Dixon, Robert M. W.},
	number = {69},
	pagetotal = {xxii+271},
	publisher = {{Cambridge Univ. Press}},
	series = {Cambridge Studies in Linguistics},
	title = {Ergativity},
	year = {1995}
}

@book{Dittmer1998,
	address = {{Göttingen}},
	author = {Dittmer, Arne and Dittmer, Ernst},
	isbn = {3-525-20349-7},
	number = {34},
	pagetotal = {264},
	publisher = {{Vandenhoeck \& Ruprecht}},
	series = {Studien zum {{Althochdeutschen}}},
	title = {{Studien} zur {{{Wortstellung}}}, {{Satzgliedstellung}} in der {Althochdeutschen} {{Tatianübersetzung}}},
	year = {1998}
}

@book{Diessel1999,
	address = {{Amsterdam}},
	author = {Diessel, Holger},
	number = {42},
	pagetotal = {203},
	publisher = {{Benjamins}},
	series = {Typological {{Studies}} in {{Language}}},
	shorttitle = {Demonstratives},
	title = {Demonstratives: {{F}}orm, Function and Grammaticalization},
	year = {1999}
}

@book{Demske2001,
	address = {{Berlin}},
	author = {Demske, Ulrike},
	isbn = {3-11-016662-3},
	number = {56},
	publisher = {{de Gruyter}},
	series = {Studia Linguistica {{Germanica}}},
	shorttitle = {Merkmale und {{Relationen}}},
	title = {{Merkmale} und {{Relationen}}: {{D}}iachrone {{{Studien}}} zur {{Nominalphrase}} des {{{Deutschen}}}},
	year = {2001}
}

@book{Delbruck1967,
	address = {{Berlin}},
	author = {Delbrück, Berthold and Brugmann, Karl},
	edition = {Unveränd. photomechan. Nachdr. [der Ausg.] Strassburg, 1893.},
	file = {/home/johanna/.mozilla/firefox/wlorqfiw.default/zotero/storage/KWS8XXC6/PPN.html},
	origdate = {1893},
	pagetotal = {795},
	publisher = {{de Gruyter}},
	sortname = {Delbruck, Berthold and Brugmann, Karl},
	title = {{Vergleichende} {{Syntax}} der Indogermanischen {{{Sprachen}}}},
	year = {1967}
}

@book{Dal2014,
	address = {{Berlin}},
	author = {Dal, Ingerid},
	edition = {4. Aufl. / neu bearb. von Hans-Werner Eroms},
	isbn = {978-3-11-033498-2},
	number = {7},
	pagetotal = {292},
	publisher = {{De Gruyter}},
	series = {Sammlung Kurzer {{Grammatiken}} Germanischer {{Dialekte}}},
	title = {Kurze deutsche {{Syntax}} auf historischer {{{Grundlage}}}},
	year = {2014}
}

@book{Dal1971,
	address = {{Oslo}},
	author = {Dal, Ingerid},
	pagetotal = {270},
	publisher = {{Universitetsforlaget}},
	title = {{Untersuchungen} zur Germanischen und {Deutschen} {{{Sprachgeschichte}}}},
	year = {1971}
}

@book{Cui2014,
	address = {{Hamburg}},
	author = {Cui, Jin},
	isbn = {3-8300-7728-9 978-3-8300-7728-2},
	number = {187},
	pagetotal = {xi+217},
	publisher = {{Kovač}},
	series = {Schriftenreihe {{Philologia}}: {{Sprachwissenschaftliche Forschungsergebnisse}}},
	shorttitle = {Assoziative {{Anapher}}, {{Frametheorie}} und {{Definitheit}}},
	title = {Assoziative {{Anapher}}, {{Frametheorie}} und {{Definitheit}}: {{{E}}}ine kontrastive {{{Untersuchung}}} über assoziative {{Anaphern}} und {{Definitheitstheorien}} im {{{Deutschen}}} und im {{Chinesischen}}},
	year = {2014}
}

@book{Croft2006,
	address = {{Cambridge}},
	author = {Croft, William},
	edition = {2},
	isbn = {0-521-00499-3},
	pagetotal = {341},
	publisher = {{Cambridge Univ. Press}},
	series = {Cambridge Textbooks in Linguistics},
	title = {Typology and Universals},
	year = {2006}
}

@book{Croft2004,
	address = {{Cambridge}},
	author = {Croft, William and Cruse, D. Alan},
	isbn = {978-0-521-66770-8},
	langid = {english},
	pagetotal = {376},
	publisher = {{University Press}},
	title = {Cognitive {{Linguistics}}},
	year = {2004}
}

@book{Croft2002,
	address = {{Oxford}},
	author = {Croft, William},
	edition = {reprint. with corrections},
	isbn = {0-19-829955-9},
	publisher = {{Oxford Univ. Press}},
	shorttitle = {Radical Construction Grammar},
	title = {{Radical Construction Grammar}: {{S}}yntactic Theory in Typological Perspective},
	year = {2002}
}

@book{Corbett2000,
	address = {{Cambridge}},
	author = {Corbett, Greville G.},
	file = {/home/johanna/.mozilla/firefox/wlorqfiw.default/zotero/storage/JXV4GCHM/PPN.html},
	isbn = {0-521-64016-4},
	pagetotal = {xx+358},
	publisher = {{Cambridge Univ. Press}},
	series = {Cambridge Textbooks in Linguistics},
	title = {Number},
	year = {2000}
}

@book{Consten2004,
	address = {{Tübingen}},
	author = {Consten, Manfred},
	isbn = {978-3-484-30484-0},
	number = {484},
	pagetotal = {vi+168},
	publisher = {{Niemeyer}},
	series = {Linguistische {{Arbeiten}}},
	shorttitle = {Anaphorisch oder deiktisch?},
	title = {Anaphorisch oder deiktisch?: {{Z}}u einem integrativen {{Modell}} domänengebundener {{Referenz}}},
	year = {2004}
}

@book{Comrie1989,
	address = {{Oxford}},
	author = {Comrie, Bernard},
	edition = {2},
	pagetotal = {264},
	publisher = {{Blackwell}},
	shorttitle = {Language Universals and Linguistic Typology},
	title = {Language Universals and Linguistic Typology: {{S}}yntax and Morphology},
	year = {1989}
}

@book{Christophersen1939,
	address = {{Copenhagen}},
	author = {Christophersen, Paul},
	langid = {english},
	pagetotal = {206},
	publisher = {{Munksgaard}},
	title = {The Articles: {{A}} Study of Their Theory and Use in {{{English}}}},
	year = {1939}
}

@book{Bybee2010,
	address = {{Cambridge}},
	author = {Bybee, Joan},
	isbn = {0-521-61683-2},
	pagetotal = {262},
	publisher = {{Cambridge University Press}},
	title = {Language, Usage and Cognition},
	year = {2010}
}

@book{Bybee1994,
	address = {\biberror{no address}},
	author = {Bybee, Joan and Perkins, Revere and Pagliuca, William},
	isbn = {978-0-226-08663-7},
	langid = {english},
	pagetotal = {420},
	publisher = {{University of Chicago Press}},
	shorttitle = {The Evolution of Grammar},
	title = {The Evolution of Grammar: {{T}}ense, Aspect, and Modality in the Languages of the World},
	year = {1994}
}

@book{Buhler1934,
	address = {{Jena}},
	author = {Bühler, Karl},
	pagetotal = {xxxiv+434},
	publisher = {{Fischer}},
	shorttitle = {Sprachtheorie},
	sortname = {Buhler, Karl},
	title = {{Sprachtheorie}: {{D}}ie {{Darstellungsfunktion}} der {{{Sprache}}}},
	year = {1934}
}

@book{Brinton2005,
	address = {{Cambridge}},
	author = {Brinton, Laurel J. and Traugott, Elizabeth Closs},
	isbn = {0-521-54063-1},
	pagetotal = {220},
	publisher = {{Cambridge University Press}},
	title = {Lexicalization and Language Change},
	year = {2005}
}

@book{Braune2004,
	address = {{Tübingen}},
	author = {Braune, Wilhelm},
	number = {5},
	publisher = {{Niemeyer}},
	series = {Sammlung kurzer {{Grammatiken germanischer Dialekte}}},
	title = {Althochdeutsche {{{Grammatik}}}},
	volume = {1},
	year = {2004}
}

@book{Braune1994,
	address = {{Tübingen}},
	author = {Braune, Wilhelm},
	edition = {17.},
	editora = {Helm, Karl and Ebbinghaus, Ernst A.},
	editoratype = {collaborator},
	isbn = {3-484-10707-3},
	pagetotal = {272},
	publisher = {{Niemeyer}},
	shorttitle = {Althochdeutsches {{Lesebuch}}},
	title = {Althochdeutsches {{Lesebuch}}: {{Zusammengestellt}} und mit {{{Wörterbuch}}} versehen},
	year = {1994}
}

@book{Blumenthal-Drame2012,
	address = {{Berlin}},
	author = {Blumenthal-Dramé, Alice},
	isbn = {978-3-11-029385-2},
	number = {83},
	pagetotal = {xxiv+283},
	publisher = {{de Gruyter}},
	series = {Topics in {{English}} Linguistics},
	shorttitle = {Entrenchment in Usage-Based Theories},
	sortname = {Blumenthal-Drame, Alice},
	title = {Entrenchment in Usage-Based Theories: {{W}}hat Corpus Data Do and Do Not Reveal about the Mind},
	year = {2012}
}

@book{Bisle-Muller1991,
	address = {{Tübingen}},
	author = {Bisle-Müller, Hansjörg},
	isbn = {3-484-30267-4},
	number = {267},
	pagetotal = {ix+172},
	publisher = {{Niemeyer}},
	series = {Linguistische {{Arbeiten}} },
	shorttitle = {Artikelwörter im {{Deutschen}}},
	sortname = {Bisle-Muller, Hansjorg},
	title = {Artikelwörter im {{{Deutschen}}}: {{S}}emantische und Pragmatische {{{Aspekte}}} ihrer {{Verwendung}}},
	year = {1991}
}

@book{Bergmann1998a,
	address = {{Heidelberg}},
	author = {Bergmann, Rolf and Nerius, Dieter},
	number = {29},
	pagetotal = {xvi+521},
	publisher = {{Winter}},
	series = {Germanische {{Bibliothek}}},
	title = {Die {{{Entwicklung}}} der {{Großschreibung}} im {{{Deutschen}}} von 1500 bis 1700},
	volume = {1},
	year = {1998}
}

@book{Bergmann1998,
	address = {{Heidelberg}},
	author = {Bergmann, Rolf and Nerius, Dieter},
	number = {29},
	pagetotal = {xii+},
	publisher = {{Winter}},
	series = {Germanische {{Bibliothek}}},
	title = {Die {{{Entwicklung}}} der {{Großschreibung}} im {{{Deutschen}}} von 1500 bis 1700},
	volume = {2},
	year = {1998}
}

@book{Bellmann1990,
	address = {{Berlin, New York}},
	author = {Bellmann, Günter},
	isbn = {3-11-012401-7},
	pagetotal = {378},
	publisher = {{De Gruyter}},
	sortname = {Bellmann, Gunter},
	title = {Pronomen und {{Korrektur}}. {{Zur Pragmalinguistik}} der Persönlichen {{Referenzformen}}},
	year = {1990}
}

@book{Behaghel1932,
	address = {{Heidelberg}},
	author = {Behaghel, Otto},
	number = {4},
	publisher = {{Winter}},
	series = {Germanische {{Bibliothek}}},
	title = {{Deutsche} {{Syntax}}. {{Eine}} Geschichtliche {{{Darstellung}}}. {{{Wortstellung}}}. {{Periodenbau}}},
	year = {1932}
}

@book{Barton2016,
	address = {{Hamburg}},
	author = {Barton, Dagmar},
	booktitle = {Generische Nominalphrasen bei {Deutsch}-Französischer Zweisprachigkeit: {{Z}}ur Verwendung des Definitartikels bei Erwachsenen Herkunftssprechern},
	editor = {Kupisch, Tanja},
	file = {/home/johanna/.mozilla/firefox/wlorqfiw.default/zotero/storage/NX58EKM9/PPN.html},
	publisher = {{Staats- und Universitätsbibliothek Hamburg}},
	shorttitle = {Generische {{Nominalphrasen}} bei Deutsch-Französischer {{Zweisprachigkeit}}},
	title = {Generische Nominalphrasen bei {Deutsch}-Französischer Zweisprachigkeit: {{Z}}ur Verwendung des Definitartikels bei Erwachsenen Herkunftssprechern},
	year = {2016}
}

@book{Alexiadou2007,
	address = {{Berlin}},
	author = {Alexiadou, Artemis and Haegeman, Liliane M. V. and Stauru, Melita},
	isbn = {3-11-017684-X 978-3-11-017684-1},
	number = {71},
	pagetotal = {xxii+664},
	publisher = {{Mouton de Gruyter}},
	series = {Studies in Generative Grammar},
	title = {Noun Phrase in the Generative Perspective},
	year = {2007}
}

@book{Ahrenholz2007,
	address = {{Berlin}},
	author = {Ahrenholz, Bernt},
	isbn = {978-3-11-018929-2},
	langid = {german},
	pagetotal = {412},
	publisher = {{de Gruyter}},
	title = {{Verweise mit Demonstrativa im Gesprochenen {{Deutsch}}: {{G}}rammatik, Zweitspracherwerb und {{Deutsch}} als {Fremdsprache}}},
	year = {2007}
}

@book{Ackermann2001,
	address = {{Stanford}},
	author = {Ackermann, Farrell and Moore, John},
	publisher = {{CSLI Publications}},
	title = {Proto-Propertries and Grammatical Endoding},
	year = {2001}
}

@article{vonHeusinger2002,
	author = {von Heusinger, Klaus},
	journal = {Journal of Semantics},
	number = {3},
	options = {useprefix=true},
	pages = {245--274},
	title = {Specificity and Definiteness in Sentence and Discourse Structure},
	volume = {19},
	year = {2002}
}

@article{vonHeusinger1998,
	author = {von Heusinger, Klaus},
	journal = {Linguistics},
	number = {3},
	options = {useprefix=true},
	pages = {611--623},
	title = {Review von {{Fretheim}}/{{Gundel}} 1996},
	volume = {36},
	year = {1998}
}

@article{vonHeusinger1997,
	author = {von Heusinger, Klaus},
	journal = {Prague Bulletin of Mathematical Linguistics},
	options = {useprefix=true},
	pages = {5--23},
	title = {Salience and Definiteness},
	volume = {67},
	year = {1997}
}

@article{vonHeusinger1996,
	author = {von Heusinger, Klaus},
	journal = {Fachgruppe Sprachwissenschaft Universität Konstanz},
	number = {1},
	options = {useprefix=true},
	pages = {1--25},
	title = {Definite {{Kennzeichnungen}}, {{Anaphora}} und {{{Salienz}}}},
	volume = {Arbeitspapier 66},
	year = {1996}
}

@article{vandeVelde2010,
	author = {van de Velde, Freek},
	journal = {Linguistics},
	number = {2},
	options = {useprefix=true},
	pages = {263--299},
	title = {The Emergence of the Determiner in the {{{Dutch} {NP}}}},
	volume = {48},
	year = {2010}
}

@article{vanGelderen2007,
	author = {van Gelderen, Elly},
	journal = {Journal of Germanic Linguistics},
	options = {useprefix=true},
	pages = {275--308},
	title = {The Definiteness Cycle in {{{Germanic}}}},
	volume = {19},
	year = {2007}
}

@article{Werth2015,
	author = {Werth, Alexander},
	journal = {Niederdeutsches Jahrbuch},
	pages = {53--75},
	title = {Gretie {{Dwengers}}, genannt die {{Dwengersche}}. {{Formale}} und funktionale {{{Aspekte}}} morphologischer {{Sexusmarkierung}} ({{Movierung}}) in norddeutschen {{Hexenverhörprotokollen}} der {{Frühen Neuzeit}}},
	volume = {138},
	year = {2015}
}

@article{Weiss2013,
	author = {Weiss, Sabine and Müller, Horst M.},
	doi = {10.3389/fnhum.2013.00526},
	journal = {Frontiers in human neuroscience},
	pages = {526},
	shorttitle = {The Non-Stop Road from Concrete to Abstract},
	sortname = {Weiss, Sabine and Muller, Horst M.},
	title = {The Non-Stop Road from Concrete to Abstract: {{H}}igh Concreteness Causes the Activation of Long-Range Networks},
	url = {http://www.researchgate.net/publication/256501498_The_non-stop_road_from_concrete_to_abstract_high_concreteness_causes_the_activation_of_long-range_networks},
	volume = {7},
	year = {2013}
}

@article{Webber1991,
	author = {Webber, Bonnie Lynn},
	journal = {Natural Language and Cognitive Processes},
	pages = {107--135},
	title = {Structure and Ostension in the Interpretation of Discourse Deixis},
	volume = {6},
	year = {1991}
}

@article{Vogel1993,
	author = {Vogel, Petra M.},
	journal = {Sprachtypologie und Universalienforschung},
	pages = {222--233},
	title = {Über den {{Zusammenhang}} von definitem {{Artikel}} und {{Ferndeixis}}},
	volume = {46},
	year = {1993}
}

@article{Trousdale2014,
	author = {Trousdale, Graeme},
	journal = {Folia Linguistica},
	number = {2},
	pages = {557--577},
	title = {On the Relationship between Grammaticalization and Constructionalization},
	volume = {48},
	year = {2014}
}

@article{Timberlake1975,
	author = {Timberlake, Alan},
	journal = {Slavic and East European Journal},
	pages = {123--138},
	title = {Hierarchies in the Genitive of Negation},
	volume = {19},
	year = {1975}
}

@article{Tetsuno2003,
	author = {Tetsuno, Yoshisuke},
	journal = {Doitsu Bungaku},
	number = {2},
	pages = {119--134},
	title = {Hypothese zur {{Verbvoranrückung}}. {{Zur {Entstehung}}} des bestimmten {{Artikels}} und der {{{Präposition}}}},
	volume = {111},
	year = {2003}
}

@article{Szulc-Brzozowska2012,
	author = {Szulc-Brzozowska, Magdalena},
	journal = {Zeitschrift des Verbandes Polnischer Germanisten},
	number = {4},
	pages = {366--367},
	title = {Einige {{{Bemerkungen}}} zur {{Verwendung}} des bestimmten {{Artikels}} im {{{Deutschen}}} aus kognitiver {{{Sicht}}}},
	url = {http://www.ejournals.eu/ZVPG/Tom-1%282012%29/Zeszyt-4-%282012%29/art/1992/},
	volume = {1},
	year = {2012}
}

@article{Szewczyk2011,
	author = {Szewczyk, Jakub M and Schriefers, Herbert},
	journal = {Brain Research},
	pages = {208--221},
	title = {Is Animacy Special? {{{ERP}}} Correlates of Semantic Violations and Animacy Violations in Sentence Processing},
	url = {http://www.sciencedirect.com/science/article/pii/S0006899310023395#bb0250},
	volume = {1368},
	year = {2011}
}

@article{Sumidai2010,
	author = {Sumidai, Yasunori},
	journal = {Enerugeia},
	pages = {37--54},
	title = {Definite {{Nominalphrase}} und {{Status}} ihres {{Referenten}}. {{Exemplarisch}} untersucht an {{Beispielen}} aus ``{{Tristan}}''},
	volume = {35},
	year = {2010}
}

@article{Sturm2005a,
	author = {Sturm, Afra},
	journal = {Zeitschrift für Sprachwissenschaft},
	number = {1},
	pages = {67--91},
	title = {{Eigennamen} als kontextabhängige und inhärent definite {{{Ausdrücke}}}},
	volume = {24},
	year = {2005}
}

@article{Sommerer2012,
	author = {Sommerer, Lotte},
	journal = {Folia Linguistica Historica},
	pages = {175--213},
	title = {Investigating the Emergence of the Definite Article in {{Old {English}}}: {{About}} Categorization, Gradualness and Constructions},
	volume = {33},
	year = {2012}
}

@article{Schonenberger2014,
	author = {Schönenberger, Manuela},
	journal = {Zeitschrift für Sprachwissenschaft},
	number = {1},
	pages = {77--105},
	sortname = {Schonenberger, Manuela},
	title = {Article Use in {{L2 {English}}} by {{L1 {Russian}}} and {{L1 {German}}} Speakers},
	volume = {33},
	year = {2014}
}

@article{Russel1905,
	author = {Russel, Bernhard},
	journal = {Mind},
	pages = {479--493},
	title = {On denoting},
	volume = {14},
	year = {1905}
}

@article{Rosenbach2008,
	author = {Rosenbach, Anette},
	journal = {Lingua},
	pages = {151--171},
	title = {Animacy and Grammatical Variation. {{Findings}} from {{{English}}} Genitive Variations},
	volume = {118},
	year = {2008}
}

@article{Rosenbach2005,
	author = {Rosenbach, Anette},
	journal = {Language},
	pages = {613--644},
	title = {Animacy versus Weight as Determinants of Grammatical Variation in {{{English}}}},
	volume = {81},
	year = {2005}
}

@article{Rijkhoff1991,
	author = {Rijkhoff, Jan},
	journal = {Journal of Semantics},
	pages = {291--309},
	title = {Nominal Aspect},
	volume = {8},
	year = {1991}
}

@article{Ramers2005,
	author = {Ramers, Karl Heinz},
	journal = {Zeitschrift für Germanistische Linguistik},
	pages = {78--91},
	title = {{Verbstellung} im {{{Althochdeutschen}}}},
	volume = {33},
	year = {2005}
}

@article{Ovrelid2009,
	author = {Øvrelid, Lilja},
	journal = {Proceedings of the 12th Conference of the European Chapter of the ACL. Athens, Greece, 30 March – 3 April 2009.},
	pages = {630--638},
	sortname = {Ovrelid, Lilja},
	title = {Empirical Evaluations of Animacy Annotation},
	volume = {\biberror{no volume}},
	year = {2009}
}

@article{Oubouzar1997a,
	author = {Oubouzar, Erika},
	journal = {Cahiers d'ètudes Germaniques},
	pages = {161--175},
	title = {Zur {{Frage}} der {{Herausbildung}} eines bestimmten und eines unbestimmten {{Artikels}} im {{{Althochdeutschen}}}},
	volume = {\biberror{no volume}},
	year = {1997}
}

@article{Napoli2009,
	author = {Napoli, Maria},
	journal = {Studies in Language},
	number = {3},
	pages = {569--611},
	title = {Aspects of Definiteness in {{{Greek}}}},
	url = {http://www.academia.edu/2358152/Aspects_of_Definiteness_in_Greek},
	volume = {33},
	year = {2009}
}

@article{Moss1997,
	author = {Moss, Helen E. and Tyler, Lorraine K.},
	journal = {Cognitive neuropsychology},
	number = {4},
	pages = {511--545},
	title = {Functional Proper Ties of Concepts: {{Studies}} of Normal and Brain-Damaged Patients},
	volume = {14},
	year = {1997}
}

@article{Moss1995,
	author = {Moss, Helen E. and Tyler, Lorraine K.},
	journal = {Memory},
	number = {3/4},
	pages = {359--395},
	title = {Investigating Semantic Memory Impairments: {{T}}he Contribution of Semantic Priming},
	volume = {3},
	year = {1995}
}

@article{Mithun1984,
	author = {Mithun, Marianne},
	journal = {Language},
	pages = {847--894},
	title = {The Evolution of Noun Incorporation},
	volume = {60},
	year = {1984}
}

@article{Manolessou2007,
	author = {Manolessou, Io and Horrocks, Geoffrey},
	journal = {Studies in Greek Linguistics},
	pages = {224--236},
	title = {The Development of the Definite Article in {{{Greek}}}},
	volume = {27},
	year = {2007}
}

@article{Luhr1991,
	author = {Lühr, Rosemarie},
	journal = {Beiträge zur Geschichte der deutschen Sprache und Literatur (PBB)},
	pages = {195--211},
	sortname = {Luhr, Rosemarie},
	title = {Die dt. {{Determinansphrase}} aus historischer {{{Sicht}}}. {{Zur Flexion}} von der, die, das als {{Demonstrativpronomen}}, {{Relativpronomen}} und {{Artikel}}},
	volume = {113},
	year = {1991}
}

@article{Lobner1985,
	author = {Löbner, Sebastian},
	journal = {Journal of Semantics},
	pages = {279--326},
	sortname = {Lobner, Sebastian},
	title = {Definites},
	volume = {4},
	year = {1985}
}

@article{Lewis1970,
	author = {Lewis, David},
	journal = {Synthese},
	pages = {18--67},
	title = {General Semantics},
	volume = {22},
	year = {1970}
}

@article{Levinson1991,
	author = {Levinson, Stephen C.},
	eprint = {4176094?seq=1#page_scan_tab_contents},
	journal = {Journal of Linguistics},
	number = {1},
	pages = {107--161},
	shortjournal = {Journal of Linguistics},
	title = {Pragmatic Reduction of the Binding Conditions Revisited},
	volume = {27},
	year = {1991}
}

@article{Leiss1994,
	author = {Leiss, Elisabeth},
	journal = {Sprachwissenschaft},
	pages = {307--319},
	title = {Die {{{Entstehung}}} des {{Artikels}} im {{{Deutschen}}}},
	volume = {19},
	year = {1994}
}

@article{Lehmann2004a,
	author = {Leh\-mann, Christian and Shin, Yong-Min and Verhoeven, Elisabeth},
	journal = {Arbeitspapiere des Seminars für Sprachwissenschaft der Universität Erfurt (ASS ID UE)},
	pages = {173},
	title = {Direkte und indirekte {{Partizipation}}. {{Zur Typologie}} der sprachlichen {{Repräsentation}} konzeptueller {{Relationen}}},
	url = {http://www2.uni-erfurt.de/sprachwissenschaft/ASSidUE/ASSidUE13.pdf},
	volume = {13},
	year = {2004}
}

@article{Lehmann2004,
	author = {Lehmann, Christian},
	doi = {10.1515/zfgl.2004.32.2.152},
	journal = {Zeitschrift für germanistische Linguistik},
	number = {2},
	pages = {152--187},
	title = {Theory and Method in Grammaticalization},
	volume = {32},
	year = {2004}
}

@article{Landis1977,
	author = {Landis, J. Richard and Koch, Gary G.},
	doi = {10.2307/2529310},
	eprint = {2529310},
	journal = {Biometrics},
	number = {1},
	pages = {159--174},
	shortjournal = {Biometrics},
	title = {The Measurement of Observer Agreement for Categorical Data},
	volume = {33},
	year = {1977}
}

@article{Kuhn1955,
	author = {Kuhn, Hans},
	issue = {H.3},
	journal = {Anzeiger für deutsches Altertum und deutsche Literatur},
	pages = {97--104},
	title = {Rezension: {{Heinrich {Matthias} Heinrichs}}, {{{Studien}}} zum bestimmten {{Artikel}} in den germanischen {{{Sprachen}}}},
	volume = {68},
	year = {1955}
}

@article{Krause2016,
	author = {Krause, Thomas and Zeldes, Amir},
	journal = {Digital Scholarship in the Humanities},
	title = {{{{ANNIS}3}}: {{A}} New Architecture for Generic Corpus Query and {Visualization}},
	url = {http://dsh.oxfordjournals.org/content/31/1/118},
	volume = {31},
	year = {2016}
}

@article{Kraiss2014,
	author = {Kraiss, Andrew},
	journal = {Journal of Germanic Linguistics},
	number = {2},
	pages = {127--155},
	title = {The Evolution of the Definite Article in {{{Old High German}}}},
	volume = {26},
	year = {2014}
}

@article{Kopcke2005,
	author = {Köpcke, Klaus-Michael},
	journal = {Didaktik Deutsch},
	pages = {67--83},
	sortname = {Kopcke, Klaus-Michael},
	title = {``{{Die Prinzessin}} küsst den {{Prinz}}'' – {{Fehler}} oder gelebter {{{Sprachwandel}}}?},
	volume = {18},
	year = {2005}
}

@article{Kopcke1995,
	author = {Köpcke, Klaus-Michael},
	journal = {Zeitschrift für Sprachwissenschaft},
	number = {2},
	pages = {159--180},
	sortname = {Kopcke, Klaus-Michael},
	title = {Die {{{Klassifikation}}} der schwachen {{Maskulina}} in der deutschen {{{Gegenwartssprache}}}. {{Ein {Beispiel}}} für die {{Leistungsfähigkeit}} der {{Prototypentheorie}}},
	volume = {14},
	year = {1995}
}

@article{Jager1918,
	author = {Jäger, Paul},
	journal = {Zeitschrift für deutsche Philologie},
	number = {3},
	pages = {305--321},
	sortname = {Jager, Paul},
	title = {Der {{Artikelgebrauch}} im althochdeutschen {{Isidor}}},
	volume = {47},
	year = {1918}
}

@article{Jacobs2001,
	author = {Jacobs, Joachim},
	journal = {Linguistics},
	number = {4},
	pages = {641--681},
	title = {Dimensions of Topic-Comment},
	volume = {39},
	year = {2001}
}

@article{Jackendoff1991,
	author = {Jackendoff, Ray},
	journal = {Cognition},
	pages = {9--45},
	title = {Parts and Boundaries},
	volume = {41},
	year = {1991}
}

@article{Hopper1980,
	author = {Hopper, Paul J. and Thompson, Sandra A.},
	journal = {Language},
	number = {2},
	pages = {251--299},
	title = {Transitivity in Grammar and Discourse},
	url = {http://www.romanistik.uni-freiburg.de/raible/Lehre/2006/Materialien/Hopper_Thompson.pdf},
	volume = {56},
	year = {1980}
}

@article{Hinterholzl2010,
	author = {Hinterhölzl, Roland and Petrova, Svetlana},
	journal = {Lingua},
	pages = {315--528},
	sortname = {Hinterholzl, Roland and Petrova, Svetlana},
	title = {From {{V1}} to {{V2}} in {{{West} {Germanic}}}},
	url = {https://www.researchgate.net/publication/222548937_From_V1_to_V2_in_West_Germanic},
	volume = {120},
	year = {2010}
}

@article{Himmelmann1998,
	author = {Himmelmann, Nikolaus P.},
	journal = {Linguistic Typology},
	pages = {315--353},
	title = {Regularity in Irregularity: {{Article}} Use in Adpositional Phrases},
	volume = {2},
	year = {1998}
}

@article{Haspelmath1998,
	author = {Haspelmath, Martin},
	journal = {Studies in Language},
	number = {2},
	pages = {315--351},
	title = {Does Grammaticalization Need Reanalysis?},
	volume = {22},
	year = {1998}
}

@article{Hansen2004,
	author = {Hansen, Björn},
	journal = {Zbornik Matice srpske za filologiju i lingvistiku},
	pages = {1--2, 51--74},
	sortname = {Hansen, Bjorn},
	title = {The life cycle of a definiteness marker: {{T}}he long and short form of the adjective in {{Old Church Slavonic}}, {{Russian}}, {{Serbian}} and {{Croatian}}},
	volume = {47},
	year = {2004}
}

@article{Gundel1993,
	author = {Gundel, Jeanette K. and Hedberg, Nancy and Zacharski, Ron},
	eprint = {416535},
	journal = {Language},
	number = {2},
	pages = {274--307},
	title = {Cognitive Status and the Form of Referring Expressions in Discourse},
	volume = {69},
	year = {1993}
}

@article{Glaser2016,
	author = {Glaser, Elvira},
	booktitle = {Mittelalterliches {{Codeswitching}}? {{Zu}} den {{Sprachwechselstrategien Notkers {III}}}. {{V}}on {{St}}. {{Gallen}}},
	editor = {Schmid, Hans Ulrich and Ziegler, Arne},
	journal = {Jahrbuch für Germanistische Sprachgeschichte},
	pages = {35--60},
	title = {Mittelalterliches {{Codeswitching}}? {{Zu}} den {{Sprachwechselstrategien Notkers {III}}}. {{V}}on {{St}}. {{Gallen}}},
	url = {https://www.zora.uzh.ch/id/eprint/150088/},
	volume = {7},
	year = {2016}
}

@article{Givon1982,
	author = {Givón, Talmy},
	journal = {Journal of Pragmatics},
	number = {2},
	pages = {81--133},
	sortname = {Givon, Talmy},
	title = {Logic vs. {{P}}ragmatics, with Human Language as the Referee: {{Toward}} an Empirically Viable Epistemology},
	volume = {6},
	year = {1982}
}

@article{Gisborne2012,
	author = {Gisborne, Nikolas},
	journal = {Studies in Language},
	number = {3},
	pages = {603--644},
	title = {The Semantics of Definite Expressions and the Grammaticalization of {{{THE}}}},
	url = {http://www.ingentaconnect.com/content/jbp/sl/2012/00000036/00000003/art00006?token=00541c64cedf5b3abdeb7e442f2067217a763f777b496e2f423172687627504541676249266d656c35f9},
	urldate = {2013-09-29},
	volume = {36},
	year = {2012}
}

@article{Ghio2013,
	author = {Ghio, Marta and Vaghi, Matilde Maria Serena and Tettamanti, Marco},
	journal = {PLoS One},
	number = {6},
	pages = {e67090},
	title = {Fine-Grained Semantic Categorization across the Abstract and Concrete Domains},
	volume = {8},
	year = {2013}
}

@article{Fraurud1990,
	author = {Fraurud, Kari},
	journal = {Journal of Semantics},
	pages = {395--433},
	title = {Definiteness and the Processing of {{{NP}s}} in Natural Discourse},
	volume = {7},
	year = {1990}
}

@article{Fleiss1971,
	author = {Fleiss, Joseph L.},
	journal = {Psychological Bulletin},
	pages = {378--382},
	title = {Measuring Nominal Scale Agreement among Many Raters},
	volume = {76},
	year = {1971}
}

@article{Fleischer2015,
	author = {Fleischer, Jürg},
	journal = {Zeitschrift für Germanistische Linguistik (ZGL)},
	number = {3},
	pages = {377--386},
	sortname = {Fleischer, Jurg},
	title = {Perspektiven der historischen {{Syntax}} des {{{Deutschen}}}: {{{Einführung}}}},
	volume = {43},
	year = {2015}
}

@article{Fleischer2008,
	author = {Fleischer, Jürg and Hinterhölzl, Roland and Solf, Michael},
	journal = {Zeitschrift für germanistische Linguistik},
	pages = {210--239},
	sortname = {Fleischer, Jurg and Hinterholzl, Roland and Solf, Michael},
	title = {Zum {{Quellenwert}} des {Althochdeutschen} {{Tatian}} für die {{Syntaxforschung}}: {{Überlegungen}} auf der {{Basis}} von {{Wortstellungsphänomenen}}},
	volume = {36},
	year = {2008}
}

@article{Fleischer2006,
	author = {Fleischer, Jürg},
	journal = {Beiträge zur Geschichte der deutschen Sprache und Literatur},
	number = {1},
	pages = {25--69},
	sortname = {Fleischer, Jurg},
	title = {Zur {{Methodologie}} althochdeutscher {{Syntaxforschung}}},
	volume = {128},
	year = {2006}
}

@article{Fahlbusch,
	author = {Fahlbusch, Fabian and Nübling, Damaris},
	journal = {Beiträge zur Namenforschung},
	number = {3},
	pages = {245--288},
	sortname = {Fahlbusch, Fabian and Nubling, Damaris},
	title = {Der {{Schauinsland}} – die {{Mobiliar}} – das {{Turm}}. {{Das}} Referentielle {{Genus}} bei {{{Eigennamen}}} und seine {{Genese}}},
	volume = {49},
	year = {\biberror{no year}}
}

@article{Ewald1992,
	author = {Ewald, Petra},
	journal = {Sprachwissenschaft},
	pages = {257--281},
	title = {Konkreta versus {{Abstrakta}}. {{Zur}} semantischen {{Subklassifikation}} deutscher {{Substantive}}},
	volume = {17},
	year = {1992}
}

@article{Eroms1997,
	author = {Eroms, Hans-Werner},
	journal = {Zeitschrift für deutsches Altertum und deutsche Literatur},
	pages = {1--31},
	title = {Verbale {{Paarigkeit}} im {{{Althochdeutschen}}} und das ``{{Tempussystem}}'' im `{{Isidor}}'},
	volume = {126},
	year = {1997}
}

@article{Epstein2002,
	author = {Epstein, Richard},
	journal = {Cognitive Linguistics},
	number = {4},
	pages = {333--378},
	title = {The Definite Article, Accessibility, and the Construction of Discourse Referents},
	volume = {12},
	year = {2002}
}

@article{Epley2007,
	author = {Epley, Nicholas and Waytz, Adam and Cacioppo, John T.},
	journal = {Psychological Review},
	number = {4},
	pages = {864--886},
	title = {On Seeing Human: {{A}} Three-Factor Theory of Anthropomorphism},
	volume = {114},
	year = {2007}
}

@article{Enger2011,
	author = {Enger, Hans-Olav and Nesset, Tore},
	journal = {STUF},
	number = {3},
	pages = {193--212},
	title = {Constraints on Diachronic Development: {{T}}he {{Animacy Hierarchy}} and the {{Relevance}}},
	volume = {64},
	year = {2011}
}

@article{Dowty1991,
	author = {Dowty, David},
	journal = {Language},
	number = {3},
	pages = {547--619},
	title = {Thematic Proto-Roles and Argument Selection},
	volume = {67},
	year = {1991}
}

@article{Donhauser2012,
	author = {Donhauser, Karin and Petrova, Svetlana},
	journal = {Paragrana Internationale Zeitschrift für Historische Anthropologie},
	number = {2},
	pages = {59--176},
	title = {Sprachliche {{Strategien}} zur {{Aktivierung}} und {{Deaktivierung}} von {{Diskursreferenten}} in deutschsprachigen {{Texten}} des {{{Mittelalters}}}},
	volume = {21},
	year = {2012}
}

@article{Dipper2015,
	author = {Dipper, Stefanie},
	journal = {Zeitschrift für Germanistische Linguistik (ZGL)},
	number = {3},
	pages = {377--386},
	title = {Annotierte {{{Korpora}}} für die historische Syntaxforschung: {{Anwendungsbeispiele}} anhand des {{{Referenzkorpus} {Mittelhochdeutsch}}}},
	volume = {43},
	year = {2015}
}

@article{Dietrich2003,
	author = {Dietrich, Rainer and van Nice, Kathy},
	journal = {Linguistics},
	number = {5},
	options = {useprefix=true},
	pages = {\biberror{no pages}},
	title = {Task Sensitivity of Animacy {E}ffects: {{{E}}}vidence from {{{German}}} Picture Descriptions},
	volume = {41},
	year = {2003}
}

@article{Diessel2006,
	author = {Diessel, Holger},
	journal = {Cognitive Linguistics},
	number = {4},
	pages = {463--489},
	title = {Demonstratives, Joint Attention, and the Emergence of Grammar},
	volume = {15},
	year = {2006}
}

@article{Detges2002,
	author = {Detges, Ulrich and Waltereit, Richard},
	journal = {Zeitschrift für Sprachwissenschaft},
	pages = {151--195},
	title = {Grammaticalization vs. {{R}}eanalysis: {{A}} Semantic-Pragmatic Account of Functional Change in Grammar},
	volume = {21},
	year = {2002}
}

@article{Dal1942,
	author = {Dal, Ingerid},
	journal = {Norsk tidsskrifi for Sprogvidenskap},
	pages = {199--212},
	title = {Systemerhaltende {{Tendenzen}} in der {Deutschen} {{Kasusmorphologie}}},
	volume = {12},
	year = {1942}
}

@article{Dahl2008,
	author = {Dahl, Östen},
	journal = {Lingua},
	pages = {141--150},
	sortname = {Dahl, Osten},
	title = {Animacy and Egophoricity: {{Grammar}}, Ontology and Phylogeny},
	volume = {118},
	year = {2008}
}

@article{DAvis2013,
	author = {D'Avis, Franz and Finkbeiner, Rita},
	doi = {10.1515/zgl-2013-0013},
	journal = {Zeitschrift für germanistische Linguistik},
	number = {2},
	pages = {212--239},
	sortname = {D'Avis, Franz and Finkbeiner, Rita},
	title = {„{{Podolski}} hat {{Vertrag}} bis 2007, egal, ob wir in der ersten oder zweiten Liga spielen.“ {{Zur Frage}} der {{Akzeptabilität}} einer Neuen {{Konstruktion}} mit artikellosem {{Nomen}}},
	volume = {41},
	year = {2013}
}

@article{Croft2010,
	author = {Croft, William},
	journal = {Linguistics},
	number = {1},
	pages = {1--48},
	title = {The Origins of Grammaticalization in the Verbalization of Experience},
	volume = {48},
	year = {2010}
}

@article{Comrie1999,
	author = {Comrie, Bernard},
	journal = {Sprachtypologie und Universalienforschung},
	number = {3},
	pages = {335--346},
	title = {Reference-Tracking: {{D}}escription and Explanation},
	volume = {52},
	year = {1999}
}

@article{Comrie1997,
	author = {Comrie, Bernard},
	journal = {Proceedings of the Twenty-Third Annual Meeting of the Berkeley Linguistics Society: General Session and Parasession on Pragmatics and Grammatical Structure},
	pages = {50--61},
	title = {Pragmatic Binding: {{D}}emonstratives as Anaphors in {{{Dutch}}}},
	volume = {23},
	year = {1997}
}

@article{Company1991,
	author = {Company, Concepción},
	journal = {Romance Philology},
	number = {4},
	pages = {402--424},
	sortname = {Company, Concepcion},
	title = {{La} Extensión Del Artículo {En} El Español Medieval},
	url = {http://www.concepcioncompany.com/1991/08/1991-la-extension-del-articulo-en-el.html},
	volume = {44},
	year = {1991}
}

@article{Cohen1968,
	author = {Cohen, Jacob},
	doi = {10.1037/h0026256},
	journal = {Psychological Bulletin},
	number = {4},
	pages = {213--220},
	shorttitle = {Weighted Kappa},
	title = {Weighted {Kappa}: {{Nominal}} Scale Agreement Provision for Scaled Disagreement or Partial Credit},
	volume = {70},
	year = {1968}
}

@article{Clark1978,
	author = {Clark, Eve V. and Sengul, C. J.},
	journal = {\biberror{no journal}},
	pages = {457--475},
	title = {Strategies in the Acquisition of Deixis},
	volume = {5},
	year = {1978}
}

@article{Christianson2005,
	author = {Christianson, Kiel and Ferreira, Fernanda},
	journal = {Cognition},
	number = {2},
	pages = {105--135},
	title = {Conceptual Accessibility and Sentence Production in a Free Word Order Language},
	volume = {98},
	year = {2005}
}

@article{Bybee2006,
	author = {Bybee, Joan},
	journal = {Language},
	number = {4},
	pages = {711--733},
	title = {From Usage to Grammar: {{T}}he Mind's Response to Repetition},
	volume = {82},
	year = {2006}
}

@article{Breban2014,
	author = {Breban, Tine},
	journal = {Folia Linguistica},
	number = {2},
	pages = {469--502},
	title = {What Is Secondary Grammaticalization? {{Trying}} to See the Wood for the Trees in a Confusion of Interpretations},
	volume = {48},
	year = {2014}
}

@article{Braunmuller2013,
	author = {Braunmüller, Kurt},
	journal = {PBB},
	number = {3},
	pages = {317--341},
	sortname = {Braunmuller, Kurt},
	title = {Morphologische {{Komplexität}} des {{{Deutschen}}} im {{{Vergleich}}} mit den Skandinavischen {{{Sprachen}}} – {{T}}ypologisch und sprachhistorisch},
	volume = {135},
	year = {2013}
}

@article{Braunmuller2008a,
	author = {Braunmüller, Kurt},
	journal = {Sprachwissenschaft},
	pages = {351--371},
	sortname = {Braunmuller, Kurt},
	title = {Observations on the Origins of Definiteness in {{Ancient {Germanic}}}},
	volume = {33},
	year = {2008}
}

@article{Braunmuller2008,
	author = {Braunmüller, Kurt},
	journal = {Sprachwissenschaft},
	pages = {373--403},
	sortname = {Braunmuller, Kurt},
	title = {Das älteste {{Germanische}}: {{Offene {Fragen}}} und mögliche {{Antworten}}},
	volume = {33},
	year = {2008}
}

@article{Branigan2008,
	author = {Branigan, Holly P. and Pickering, Martin J. and Tanaka, Mikihiro},
	journal = {Lingua},
	number = {2},
	pages = {172--189},
	title = {Contributions of Animacy to Grammatical Function Assignment and Word Order during Production},
	volume = {118},
	year = {2008}
}

@article{Bock1985,
	author = {Bock, Kathryn J. and Warren, Richard K.},
	journal = {Cognition},
	pages = {47--67},
	title = {Conceptual Accessibility and Syntactic Structure in Sentence Formulation},
	url = {http://internal.psychology.illinois.edu/~jkbock/bockpubs/Bock%20Warren%201985.pdf},
	volume = {21},
	year = {1985}
}

@article{Bluhdorn2008,
	author = {Blühdorn, Hardarik},
	journal = {Convivium. Germanistisches Jahrbuch Polen},
	pages = {287--320},
	sortname = {Bluhdorn, Hardarik},
	title = {Syntaktische, semantische und pragmatische {{Funktionen}} von {{Nominalgruppen}} im {{{Deutschen}}}},
	url = {http://www1.ids-mannheim.de/fileadmin/gra/texte/blu_nominalgruppen.pdf},
	volume = {\biberror{no volume}},
	year = {2008}
}

@article{Bittner2002,
	author = {Bittner, Dagmar},
	journal = {Zeitschrift für Sprachwissenschaft},
	number = {2},
	pages = {196--233},
	title = {Semantisches in der pronominalen {{Flexion}} des {{{Deutschen}}}},
	url = {http://www.degruyter.com/view/j/zfsw.2002.21.issue-2/zfsw.2002.21.2.196/zfsw.2002.21.2.196.xml},
	urldate = {2015-10-02},
	volume = {21},
	year = {2002}
}

@article{Binder2005,
	author = {Binder, J. R. and Westbury, C. F. and McKiernan, K. A. and Possing, E. T. and Medler, D. A.},
	doi = {10.1162/0898929054021102},
	journal = {Journal of Cognitive Neuroscience},
	number = {6},
	pages = {905--917},
	shortjournal = {Journal of Cognitive Neuroscience},
	title = {Distinct Brain Systems for Processing Concrete and Abstract Concepts},
	volume = {17},
	year = {2005}
}

@article{Bergelson2013,
	author = {Bergelson, Elika and Swingley, Daniel},
	doi = {10.1016/j.cognition.2013.02.011},
	journal = {Cognition},
	number = {3},
	pages = {391--397},
	title = {The Acquisition of Abstract Words by Young Infants},
	volume = {127},
	year = {2013}
}

@article{Baumannt.a.,
	author = {Baumann, Stefan and Riester, Arndt},
	journal = {\biberror{no journal}},
	pages = {\biberror{no pages}},
	title = {Referential and Lexical Givenness: {{S}}emantic, Prosodic and Cognitive Aspects},
	volume = {\biberror{no volume}},
	year = {t.a.}
}

@article{Barton2015,
	author = {Barton, Dagmar and Kolb, Nadine and Kupisch, Tanja},
	journal = {Zeitschrift für Sprachwissenschaft},
	number = {2},
	pages = {147--173},
	title = {Definite Article Use with Generic Reference in {{{German}}}: {An} Empirical Study},
	volume = {34},
	year = {2015}
}

@article{Barteld2016,
	author = {Barteld, Fabian and Hartmann, Stefan and Szczepaniak, Renata},
	journal = {Folia Linguistica},
	pages = {\biberror{no pages}},
	title = {The Usage and Spread of Sentence-Internal Capital Letters in {{Early New High {German}}} – {{A}} Multifactorial Approach},
	volume = {\biberror{no volume}},
	year = {2016}
}

@article{Auer1984,
	author = {Auer, J. C. Peter},
	journal = {Journal of Pragmatics},
	pages = {627--648},
	title = {Referential Problems in Conversation},
	volume = {8},
	year = {1984}
}

@article{Atkins1992,
	author = {Atkins, Sue and Clear, Jeremy and Ostler, Nicholas},
	doi = {10.1093/llc/7.1.1},
	journal = {Literary and Linguistic Computing},
	langid = {english},
	number = {1},
	pages = {1--16},
	shortjournal = {Lit Linguist Computing},
	title = {Corpus Design Criteria},
	volume = {7},
	year = {1992}
}

@article{Artstein2008,
	author = {Artstein, Ron and Poesio, Massimo},
	journal = {Computational Linguistics},
	number = {4},
	pages = {555--596},
	title = {Inter-Coder Agreement for {Computational Linguistics}},
	volume = {34},
	year = {2008}
}

@article{Allan1987,
	author = {Allan, Keith},
	journal = {Journal of Linguistics},
	pages = {51--77},
	title = {Hierachies and the Choice of Left Conjuncts (with Particular Attention to {{{English}}})},
	volume = {23},
	year = {1987}
}

@article{Aissen2003,
	author = {Aissen, Judith},
	journal = {Natural Language \& Linguistic Theory},
	number = {3},
	pages = {435--483},
	title = {Differential {{Object Marking}}: {{Iconicity}} vs. {{{E}}}conomy},
	volume = {21},
	year = {2003}
}

@incollection{Solf2008,
  title = {Status und {{Zugänglichkeit}} von {{Diskursreferenten}} im {{Althochdeutschen}} am {{Beispiel}} der „{{Tatianbilingue}}“ {{Cod}}. {{Sang}}. 56},
  booktitle = {Die {{Formen}} der {{Wiederaufnahme}} im älteren {{Deutsch}}},
  author = {Solf, Michael},
  editor = {Desportes, Yvon and Simmler, Franz and Wich-Reif, Claudia},
  year = {2008},
  pages = {177--197},
  publisher = {{Weidler}},
  location = {{Berlin}},
  keywords = {1D,Althochdeutsch,Anapher,Definitartikel,Syntax},
  series = {Akten zum {{Internationalen Kongress}} an der {{Université Paris Sorbonne}} ({{Paris IV}}) 8. bis 10. {{Juni}} 2006}
}

@incollection{Luhr2008,
  title = {Die {{Wiederaufnahme}} Durch Den {{Artikel}} Im {{Althochdeutschen}}: {{Zur Akzentuierung}} von {{Definita}}},
  booktitle = {Die {{Formen}} Der {{Wiederaufnahme}} Im Älteren {{Deutsch}}},
  author = {Lühr, Rosemarie},
  editor = {Desportes, Yvon and Simmler, Franz and Wich-Reif, Claudia},
  year = {2008},
  pages = {101--116},
  publisher = {{Weidler}},
  location = {{Berlin}},
  keywords = {1D,2P,Althochdeutsch,Anapher,Definitartikel,Syntax},
  series = {Akten Zum {{Internationalen Kongress}} an Der {{Université Paris Sorbonne}} ({{Paris IV}}) 8. Bis 10. {{Juni}} 2006}
}

@incollection{Masser1997,
  title = {Syntaxprobleme Im Althochdeutschen {{Tatian}}},
  booktitle = {Semantik Der Syntaktischen {{Beziehungen}}},
  author = {Masser, Achim},
  editor = {Desportes, Yvon},
  year = {1997},
  pages = {123--140},
  publisher = {{Winter}},
  location = {{Heidelberg}},
  series = {Akten Des {{Pariser Kolloquiums}} Zur {{Erforschung}} Des {{Althochdeutschen}} 1994}
}
